1864 2703
469 182 546 224 DE
590 181 946 226 POLYTHALA
953 184 1074 225 MIIS.
1421 198 1461 238 35

74 295 124 341 to
157 280 400 369 craffiori,
436 281 560 340 lente
581 277 877 357 decrefiens,
902 278 1141 340 thalamis
1161 282 1301 360 olim,
1329 305 1460 345 nunc.

70 369 293 428 articulis
313 362 588 426 latioribus.

213 451 347 492 Huius
359 445 683 490 Orthoceraticae
691 445 792 488 basis
803 444 854 489 ad
864 456 1016 487 conum
1034 445 1070 487 se
1094 444 1218 489 habet
1235 456 1281 489 ut
1294 463 1322 492 ι.
1334 450 1384 493 ad
1393 464 1454 499 20.

103 506 228 546 ariter
255 517 304 546 ac
323 506 368 544 in
383 502 512 557 specie
542 504 678 557 prima
697 502 963 546 notavimu53
992 499 1101 542 unde
1124 514 1207 543 non
1232 506 1385 547 mirum
1410 509 1451 548 &

71 516 195 655 Ruigs
207 557 443 654 ¹§magt-muta
463 558 642 599 incaun’s
658 553 901 614 imposuisse,
921 565 968 598 ut
986 554 1129 598 eadem
1154 570 1230 612 pro
1251 560 1451 612 cylindri-

74 627 135 656 cls
178 626 201 659 ‚a
234 623 385 657 uermr.

223 678 329 719 Tab.
351 678 422 720 IV.
448 677 542 730 Fig.
560 688 602 725 4.
659 680 774 715 Portio
792 677 922 723 huius,
937 676 1024 727 tella
1035 678 1110 729 [ἕω
1124 677 1299 718 ambiente
1314 684 1451 733 partim

75 731 188 771 adbuc
198 732 334 783 testim,
348 735 484 785 partim
490 733 641 785 spoliata
655 746 668 775 ς
695 734 736 770 in
752 746 823 785 qna
838 741 1007 770 notentur
1023 733 1171 771 articuli
1185 732 1394 772 &circulus
1410 739 1450 775 in

71 797 175 839 parte
190 788 326 835 infima,
346 790 410 840 qui
413 786 595 840 stpbonem
608 787 852 838 transeuntem
860 786 961 837 fitis
981 787 1133 839 crafficm
1157 787 1210 825 ad
1211 788 1452 841 peripheriam

71 841 216 893 postiam
232 839 389 883 denotat.

74 897 165 951 Fig.
183 906 214 946 5.
270 894 425 949 Ostendit
440 895 585 935 eandem
595 899 792 948 portionem
805 894 849 934 ab
865 896 1011 948 oppqfi'ta
1023 907 1126 949 parte
1143 896 1273 947 visam,
1282 895 1343 934 ubi
1344 900 1450 948 pari-

291 961 347 990 ter
359 951 448 1001 testa
463 951 631 1004 reliqniae,
647 951 795 990 articuli
800 949 873 1001 fid
884 948 1099 1001 obsi-uriores
1115 948 1161 990 Εἴ
1163 950 1262 1003 sipha
1277 952 1455 1004 transiens·

293 1004 484 1045 notandus.

74 1061 166 1113 Fig.
196 1062 232 1101 6.
286 1059 443 1098 Articuli
450 1059 613 1111 fitpremi
631 1071 719 1112 pars
734 1069 889 1100 conbexa
906 1074 985 1098 cum
999 1060 1205 1111 transbunte
1217 1060 1367 1112 fipbone.

36 1146 50 1163 ,
74 1116 166 1170 Fig.
196 1127 232 1164 7.
291 1121 379 1152 Pars
402 1113 508 1166 hujus
538 1113 803 1153 Ortboceraticae
818 1113 1016 1164 secundum
1042 1115 1296 1167 longitudinem
1322 1115 1450 1166 divisi,

295 1178 334 1206 ut
352 1171 502 1206 interior
510 1167 700 1219 struc'i‘ura
711 1179 835 1220 pateat
854 1185 867 1213 i
900 1169 994 1210 saxo
1011 1180 1061 1210 ex
1078 1179 1193 1223 parte
1217 1169 1421 1211 immersa.

222 1238 270 1277 In
289 1234 579 1276 Pommerellia
601 1236 641 1275 δε
662 1235 751 1276 aliis
769 1234 961 1277 Boruffiae
978 1235 1077 1277 locis
1089 1236 1232 1290 saepius
1249 1239 1452 1282 occurrit3

77 1295 123 1334 in
140 1304 350 1333 marmore
369 1287 593 1331 Oelandico
612 1303 711 1331 vero
727 1289 1081 1346 freqventiffimus
1098 1316 1111 1338 ‚
1148 1293 1188 1332 &
1203 1291 1374 1346 qvidem
1389 1295 1453 1333 in·

74 1347 199 1400 fignis
216 1344 317 1387 adeo
334 1342 648 1398 magnitudini&
667 1353 712 1385 ut
726 1343 927 1388 diameter
937 1345 1036 1387 basis
1051 1343 1150 1387 duas
1160 1349 1350 1389 uncias&
1364 1349 1454 1390 lon-

74 1400 219 1456 gitudo
237 1402 332 1442 coni
351 1407 527 1454 qvatuor
540 1398 697 1454 superet
711 1399 834 1454 pedes
848 1428 860 1449 ‚
892 1414 993 1455 quas
1010 1413 1112 1443 vero
1126 1402 1312 1457 integras
1328 1416 1450 1445 excu-

76 1467 176 1507 tere,
193 1468 277 1512 prae
289 1454 524 1509 fragilitate,
541 1453 628 1495 fere
645 1454 891 1509 impoffibile
907 1457 977 1497 est.

188 1562 196 1570 κ
223 1525 277 1566 Et
298 1522 385 1567 haec
402 1524 425 1565 s
445 1525 564 1571 ecies,
588 1523 645 1566 est
666 1527 782 1567 cuius
801 1525 1036 1567 Plurimum
1058 1521 1327 1567 Reverendus
1351 1527 1450 1569 Hel-

77 1581 314 1635 wingiusin
337 1581 408 1621 Lit
440 1577 640 1634 ogr-aphia
665 1580 732 1622 sua
754 1579 1071 1635 Angerburgica
1128 1585 1209 1634 (q)
1269 1583 1451 1630 iconem,

78 1636 272 1691 qvamvis
291 1636 428 1676 minus
444 1633 633 1683 feliciter,
650 1634 819 1678 exhibet
835 1661 848 1682 ‚
878 1635 942 1678 sed
962 1634 1071 1677 rte-&e
1086 1634 1197 1678 hunc
1215 1636 1393 1693 lapidem
1411 1649 1452 1679 e-

77 1690 239 1734 iusdem
254 1698 412 1731 naturae
429 1689 589 1738 statuit,
624 1703 720 1732 cum
739 1687 895 1744 Lapide
911 1690 1049 1734 caudae
1060 1692 1220 1740 cancri,
1239 1693 1304 1735 vel
1318 1694 1455 1747 potius

80 1746 204 1788 astaci
227 1744 440 1786 fluviatilis
461 1745 583 1787 simili
602 1773 613 1793 ,
644 1745 844 1788 Gesneri:
883 1748 960 1800 (r)
1014 1747 1116 1800 Qae
1145 1759 1247 1789 vero
1272 1749 1349 1789 Vir
1366 1749 1454 1789 lau·

79 1800 193 1842 datus
209 1799 258 1840 de
273 1798 422 1841 horum
440 1799 622 1855 lapidum
636 1803 798 1856 origine
814 1803 855 1843 &
873 1812 1018 1843 natura
1033 1799 1187 1843 ibidem
1202 1801 1452 1845 coniefflntus

79 1856 161 1904 est,
190 1853 335 1896 eadem
352 1856 437 1896 iam
452 1883 463 1903 ,
504 1857 679 1910 repetito
697 1859 891 1900 examine
908 1886 920 1907 ,
962 1869 1046 1899 non
1068 1857 1244 1912 amplius
1268 1856 1450 1900 defensu-

75 1923 192 1958 rum,
220 1907 353 1952 credo.
1477 1939 1480 1940 γ

721 1967 758 2009 Ε
788 1973 808 2006 2
1327 1966 1362 2022 ᾗ.
1391 1969 1452 2012 68.

126 2067 183 2115 (q)
236 2068 329 2104 Part.
345 2068 373 2104 Ι.
392 2066 481 2104 Tab.
499 2079 533 2110 7.
555 2065 627 2115 Fig.
645 2066 763 2113 23.'&
781 2079 815 2117 p.
832 2073 893 2116 64.

128 2116 181 2164 (r)
231 2115 288 2153 De
306 2114 429 2166 Lapid.
444 2114 588 2166 figurat.
609 2127 646 2165 p.
667 2121 749 2162 167.

1181 2037 1459 2052 κ
