1864 2703
382 239 429 279 18
743 227 1119 271 DISSERTATIO
1146 225 1388 272 PHYSICA

382 326 536 368 Listeri
554 333 692 366 autem
709 329 881 366 Nautil'us
898 324 1123 365 umbilicatus
1142 327 1260 362 minor
1276 321 1355 363 &a
1371 322 1432 377 (t)
1463 321 1568 363 mihi
1583 323 1691 364 idem
1703 323 1779 364 effe

387 394 485 423 cum
511 393 601 423 mea
630 381 761 435 lpecie
788 383 920 439 priori
949 381 988 421 ὅ(
1005 387 1125 420 aetate
1148 386 1312 420 tantum
1337 377 1387 418 ab
1405 391 1450 419 ea
1476 375 1644 420 differre
1665 377 1780 420 vide-

391 445 477 479 tur..

1029 489 1066 544 ᾗ·
1097 495 1156 540 38.

164 563 290 602 plures·
299 572 378 600 ma·-
577 551 658 596 Sed
671 554 809 609 plures
820 550 938 593 nobis
958 561 1069 595 terra
1091 555 1133 594 in
1150 555 1316 607 gremio
1333 551 1402 595 suo
1416 553 1602 608 sepultas,
1618 553 1668 594 ad
1685 555 1775 610 sup-

166 620 247 656 rino
263 624 375 654 terre-
389 609 584 670 piendam
607 608 837 652 Historiam
864 608 1126 650 Animalium
1156 622 1302 650 eorum
1330 610 1547 663 inprimis,
1569 622 1658 662 quae
1677 623 1774 651 raro

155 671 256 723 stres
275 679 375 708 terra
389 667 457 709 vel
474 677 690 719 nunquam
713 677 765 706 ex
788 660 946 715 abysso,
971 664 1037 705 vel
1059 665 1151 705 aliis
1177 665 1305 704 maris
1331 661 1548 705 receffibus
1573 663 1774 705 subterra-

158 723 498 778 fiappeditat..neis,
522 719 576 761 ad
599 731 702 774 quos
725 727 871 759 natura
893 717 1037 760 eadem
1055 718 1259 760 damnasse
1283 717 1471 765 videtur,
1491 721 1536 759 in
1551 718 1775 761 hominum

388 773 652 832 conspeRum
671 773 889 829 prodeunt,
900 772 1125 829 suppeditat
1135 773 1296 828 species.
1354 774 1467 815 Hinc
1484 786 1562 828 ego
1575 774 1772 817 Nautilo·

389 845 486 875 rum
499 829 601 872 duos
618 829 730 871 facio
748 827 927 876 ordines,
943 830 1014 882 qui
1030 831 1075 870 in
1087 828 1226 870 Museo
1244 841 1339 869 meo
1360 826 1614 870 asservantur
1630 843 1641 869 :

524 887 554 926 Ῑ.
584 884 653 926 Est
668 885 844 924 Nautilus
861 882 1191 938 diaphragmatibm
1208 893 1359 923 conbexo
1378 887 1555 931 concavis,
1568 884 1771 935 fimiluna-

387 941 507 987 ribem-
541 940 657 995 supra
674 951 697 980 a
718 951 783 980 me
801 936 1026 993 descriptus
1042 941 1082 980 ὃς
1103 937 1183 978 Tab,
1195 945 1223 979 1.
1243 936 1485 980 delineatus.

524 999 641 1034 Huius
656 1001 854 1050 praeterea
870 994 1005 1045 aliquot
1024 993 1175 1032 articuli-
1188 996 1353 1039 maiores,
1369 991 1534 1042 foffiles,
1545 992 1709 1049 lapidei,
1726 998 1771 1037 in

391 1049 647 1093 cavitatibus
676 1048 811 1090 Testae
838 1049 994 1102 geniti,
1020 1062 1041 1089 e
1059 1047 1222 1094 Gallia,
1250 1059 1301 1088 ex
1325 1046 1569 1088 liberalitate
1602 1051 1770 1103 Magni-

388 1104 460 1148 fici
471 1104 695 1155 Andersonii‚
710 1104 869 1153 Confidis
877 1106 977 1154 Reip.
985 1101 1251 1154 Hamburgenfis
1267 1103 1390 1156 longe
1410 1103 1664 1145 meritissimi
1677 1107 1771 1146 Mu-

386 1161 499 1202 seurn
523 1171 663 1200 meum
687 1165 914 1204 exornant,
935 1159 980 1198 in
1005 1169 1087 1211 quo
1110 1157 1151 1196 ὃ(
1176 1157 1248 1198 alii
1264 1170 1285 1197 e
1310 1157 1458 1199 Suevia
1475 1160 1768 1212 reperiuntur3

386 1217 435 1257 in
450 1216 633 1268 utrisque
641 1213 842 1265 fipbuncuh'
859 1213 1082 1263 transtuntis
1108 1210 1334 1252 manifeffis
1360 1212 1515 1265 »estigiis
1534 1217 1771 1268 apparenti-

387 1269 474 1310 bus.
527 1271 731 1310 Praeterea
749 1265 858 1307 adest
874 1266 1072 1305 Nautilites
1097 1279 1149 1306 ex
1167 1267 1306 1320 pyrite
1329 1266 1522 1309 constans
1547 1271 1667 1307 minor
1687 1269 1770 1311 five

387 1325 540 1371 iunior,
556 1320 683 1363 Testa
707 1322 828 1375 plane
857 1321 1012 1365 orbus;
1037 1320 1145 1362 unde
1172 1334 1221 1362 eo
1250 1321 1399 1362 melius
1426 1323 1575 1360 articuli
1593 1336 1663 1361 non
1678 1325 1775 1363 nibil

373 1379 511 1430 snuofi
528 1390 614 1419 una
636 1390 716 1414 cum
732 1376 932 1428 sipbunculi
952 1376 1084 1424 orificio
1113 1374 1372 1431 speRantum
1405 1388 1458 1416 ex
1480 1377 1642 1418 Suevia,
1688 1378 1769 1419 Vid-

391 1431 470 1472 Tab,
488 1439 536 1473 ΙΙ.
556 1435 629 1485 Fig.
651 1442 680 1471 1.
704 1442 828 1485 quam
847 1428 991 1470 confer
1007 1442 1105 1471 cum
1122 1434 1196 1483 fig.
1216 1445 1248 1473 2.
1267 1430 1462 1485 apposita,
1481 1443 1571 1484 quae
1587 1430 1772 1483 ejusmo-

387 1485 430 1526 di
440 1488 626 1526 Nautilmn
645 1488 821 1524 iuniorem
831 1500 848 1522 e
862 1487 958 1522 mari
968 1484 1194 1535 protrablum
1208 1485 1246 1524 8<
1259 1485 1493 1538 margaritae
1506 1485 1772 1541 instarsplen-

386 1541 569 1589 dentem,
585 1539 930 1582 translucentibus
947 1539 1249 1592 aliquantulum
1262 1537 1646 1593 diaphragmatibus
1661 1544 1772 1596 pari-

385 1605 450 1637 ter
474 1594 763 1649 aliquantisper
791 1592 982 1639 finucffis,
1008 1591 1151 1633 refert.
1207 1592 1291 1635 Ubi
1319 1593 1548 1635 notandum
1586 1596 1771 1639 iuniores

385 1663 531 1692 omnes
550 1652 593 1690 i'n
605 1659 753 1691 vcentro
770 1644 843 1688 effe
860 1648 1039 1701 pervios,
1056 1647 1140 1688 five
1153 1649 1405 1701 perforatos,
1425 1650 1480 1690 ita
1504 1660 1549 1691 ut
1563 1650 1691 1693 setam
1710 1652 1770 1694 fa-

384 1705 464 1747 cile
486 1706 790 1749 transmittant,
815 1699 925 1756 quod
950 1714 1053 1743 vero
1084 1703 1129 1743 in
1155 1703 1437 1745 annofioribus
1460 1703 1704 1748 obliteratur
1727 1711 1769 1750 &

382 1761 520 1815 perit;
556 1757 619 1800 sed
639 1761 683 1799 in
701 1756 830 1798 diviso
845 1769 918 1810 per
937 1769 1060 1797 axem
1078 1757 1198 1805 serra,
1217 1759 1378 1798 interne
1398 1759 1526 1799 latens
1545 1759 1683 1803 denuo<
1696 1776 1768 1816 ap-

382 1822 517 1870 paret,
536 1813 649 1869 quod
665 1814 826 1868 primus
838 1811 1071 1854 observavit
1087 1814 1127 1853 ὃς
1142 1810 1380 1865 spiramenti
1399 1816 1568 1856 nomine
1589 1828 1767 1859 annota-

377 1869 447 1911 ’vit
462 1870 667 1911 Hooltius.
703 1867 773 1921 (u)
826 1864 1059 1920 Rumphius
1070 1867 1237 1921 quidem
1255 1868 1438 1909 colorem
1457 1869 1571 1912 illum
1585 1873 1768 1926 perlace-

381 1936 458 1966 um
487 1922 717 1966 iunioribus
744 1934 818 1963 ceu
847 1920 1080 1964 naturalem
1109 1920 1303 1964 adseribit
1320 1951 1331 1968 ‚
1360 1922 1443 1976 (w)
1500 1926 1547 1966 in
1573 1939 1655 1980 qno
1686 1940 1765 1981 ego

1611 1982 1764 2023 Claris-

426 2063 489 2111 (t)
539 2065 629 2101 Loc.
655 2063 723 2099 iam
744 2062 812 2098 iam
830 2063 942 2099 citato
966 2063 1037 2111 fig.
1061 2075 1094 2107 3.

425 2114 485 2160 (u)
535 2113 760 2158 philosophica!
769 2113 1063 2154 Ermerimemsand
1081 2111 1302 2156 Ohfi’rvations
1317 2121 1354 2160 p.
1376 2117 1459 2158 305.

425 2161 497 2210 (w)
535 2163 622 2200 Lac.
644 2161 702 2198 cit.
723 2171 758 2209 p.
780 2165 838 2198 ει.
