1864 2703
354 230 398 279 38
715 217 1091 261 DISSERTATIO
1126 214 1372 258 PHYSICA

639 287 1744 301 ————-———

353 292 634 306 -.---
1202 303 1205 304 ⁷

352 322 556 376 fitperstites
570 337 583 366 ,-
614 317 773 361 accedit
800 331 831 369 3,
856 332 936 356 cum
963 319 1049 357 aliis
1073 317 1241 369 Testaceis
1267 319 1408 357 marino
1423 315 1648 370 terrestribus·
1670 328 1745 357 una

356 390 520 430 repet-trt-

979 471 1015 521 §.
1048 483 1106 521 72.

132 565 236 599 Forte
267 552 348 605 plu·
576 548 731 589 Praeter
748 545 821 588 has
837 559 991 589 novem
1007 546 1239 602 descriptas,
1254 546 1393 602 plures
1409 544 1544 588 adhuc
1564 545 1654 588 dari
1665 547 1750 589 Or·

133 628 192 652 res
216 602 704 647 dmmrthoceratitarum
725 602 897 656 species,
926 600 1069 644 dubito
1084 603 1236 649 nullus,
1259 600 1381 657 idque
1398 614 1448 642 eo
1466 603 1628 650 minus,
1646 603 1745 657 quia

127 669 271 723 species.
363 660 444 713 ipse
461 671 603 700 earum
624 657 820 712 vestigia,
841 658 1035 712 quamvis
1061 658 1315 704 obscuriora,
1344 656 1446 697 mihi
1469 655 1661 699 detexisse
1683 658 1747 698 vi-

364 716 476 756 deor.
554 715 763 769 Qoniarn
803 725 904 755 vero
945 725 1089 754 earum
1131 711 1365 754 distInc'lam
1402 713 1443 770 ὃς
1483 711 1746 767 adaequatam

364 769 469 811 mihi
487 767 625 809 ideam
646 766 840 809 hactenus
860 766 1043 810 formare
1069 780 1153 809 non
1177 769 1314 822 potui,
1340 766 1594 818 conjefiuras
1608 769 1745 823 potius

367 821 644 870 omittendas,
670 836 794 878 quam
811 825 922 864 entia
949 832 1099 878 praeter
1115 820 1395 864 neceffitatem
1416 820 1744 879 multiplicando,

366 879 490 923 rebus
512 877 792 919 confufionem
812 875 1032 925 affundere‚
1055 876 1159 919 mihi
1181 890 1281 918 vero
1297 877 1483 919 laborem
1499 878 1688 920 inutilem
1704 879 1746 920 ὃς

367 933 610 978 Lector-ibus
633 931 801 974 taedium
826 946 964 974 creare
980 963 991 981 ,
1021 931 1132 973 duxi.
1191 933 1285 974 Hoc
1311 932 1453 974 saltem
1480 931 1551 974 hic
1573 931 1746 974 candide

369 1002 564 1037 monens,
582 986 906 1029 Orthoceratitas
933 1001 1008 1043 pro
1031 989 1239 1029 varietate
1262 990 1657 1029 transmutationum
1678 987 1748 1030 sub

366 1055 478 1086 terra
494 1057 516 1084 a
534 1042 776 1096 corporibus
800 1041 1084 1090 ambientibus,
1108 1051 1153 1083 ut
1168 1044 1208 1083 ὃς
1232 1040 1587 1096 fragmentorum,
1611 1042 1748 1084 diver-

367 1102 585 1154 sarumqve
601 1096 824 1139 sectionum
844 1099 952 1143 coni,
969 1098 1067 1138 saxo
1081 1097 1748 1152 inprimisimmerfi‚infigniadeo

367 1153 509 1198 ludere
524 1155 738 1200 varietate,
760 1163 804 1194 ut
824 1153 897 1194 nili
918 1151 1065 1193 harum
1081 1164 1221 1193 rerum
1239 1152 1498 1206 peritissimo,
1519 1152 1639 1194 facile
1653 1167 1751 1208 pos-

369 1212 447 1259 fint
473 1211 712 1263 imponere,
735 1217 780 1248 ut
794 1221 846 1249 ex
864 1220 944 1249 una
964 1207 1167 1261 'plurimas
1192 1204 1300 1247 haud
1324 1207 1406 1248 levi
1435 1220 1574 1249 errore
1593 1206 1746 1250 condat

369 1267 519 1320 species
543 1266 582 1304 ὃ(
602 1261 820 1304 secundum
840 1264 954 1303 varia
969 1262 1227 1316 fragmenta,
1243 1274 1295 1302 ex
1318 1260 1594 1316 superficiaria
1617 1263 1748 1316 inspe-

371 1322 521 1366 ctione,
534 1329 641 1358 nunc
652 1321 733 1355 coni
732 1318 884 1369 scaleni,
904 1329 1012 1358 nunc
1028 1315 1189 1365 cylindri,
1201 1327 1309 1357 nunc
1324 1319 1460 1355 dentali
1464 1319 1626 1368 formes,
1637 1330 1749 1360 nunc

370 1379 469 1430 apice
485 1374 613 1423 inflexo
641 1371 708 1413 vel
726 1372 906 1426 fitpetficie
926 1375 1042 1426 aspera
1062 1373 1101 1411 3<
1121 1370 1255 1411 nescio
1282 1384 1382 1426 quas
1404 1384 1487 1412 non
1508 1372 1580 1414 fibi
1595 1375 1748 1429 imagi·

371 1439 522 1472 netur3
553 1439 643 1481 quae
668 1439 813 1468 omnes
830 1427 857 1466 fi
879 1424 1098 1468 secundum
1125 1433 1260 1466 toturn
1279 1428 1485 1480 &figuram
1509 1426 1621 1468 suam
1637 1439 1747 1467 natu-

373 1486 498 1532 ralem,
522 1492 567 1522 ut
584 1479 715 1529 decet,
733 1494 815 1523 non
833 1494 932 1522 vero
953 1479 1171 1522 secundum
1198 1482 1450 1519 accidentalem
1474 1483 1555 1522 rite
1581 1481 1631 1523 ad
1652 1496 1747 1524 exa-

377 1551 473 1580 men
481 1547 744 1584 revocentur,
757 1539 878 1574 conicae
886 1546 1029 1574 tantum
1035 1537 1169 1589 figurae,
1182 1545 1224 1575 ut
1237 1535 1348 1590 supra
1364 1534 1484 1576 fufius
1497 1535 1748 1579 demonstra·

374 1595 433 1641 vi,
451 1589 820 1648 deprehendentur.
878 1591 920 1630 Si
939 1603 1038 1631 vero
1061 1604 1140 1644 ego
1165 1591 1206 1628 iu
1224 1590 1430 1645 posterum
1449 1592 1585 1644 plures
1609 1591 1749 1634 distin-

330 1678 334 1682 ,
373 1647 458 1690 &cas
473 1647 621 1701 species
636 1648 850 1693 invenero,
866 1658 935 1686 eas
955 1656 1117 1700 quoque
1135 1646 1179 1685 B.
1196 1648 1247 1688 L.
1264 1646 1293 1687 fi
1310 1643 1395 1686 haec
1407 1657 1490 1687 non
1505 1648 1668 1702 ingrata
1686 1647 1749 1690 fo-

150 1721 219 1755 Cur
278 1724 360 1751 nec·
371 1716 417 1746 re
436 1713 689 1757 cognovero,
705 1713 790 1743 non
807 1696 1018 1742 invidebo.

150 1769 235 1808 dum
297 1772 360 1803 Be-

151 1825 319 1863 lemnitas
368 1839 371 1842 ⁴
844 1861 855 1871 .
995 1795 1017 1850 ὗ
1061 1807 1122 1869 732

152 1880 319 1916 Suevicas
590 1859 995 1902 Orthoceratitarum
1018 1859 1167 1913 speczes
1183 1873 1347 1916 quoque
1364 1864 1557 1903 Belemnitae
1577 1865 1629 1903 illi
1645 1863 1748 1914 diiii,

154 1931 346 1976 Ehrharti,
377 1928 557 1974 quorum
579 1918 778 1958 cavitates
805 1916 957 1954 alveolis
976 1918 1115 1953 conia-is
1138 1919 1345 1954 articulatis
1360 1919 1583 1971 replentur,
1599 1933 1749 1975 augere

153 1985 362 2025 Orthmm-
376 1970 556 2029 possent,
579 1972 608 2013 fi
639 1968 763 2012 modo
789 1968 839 2011 de
859 1969 1091 2010 transeunte
1117 1971 1311 2011 articulos
1334 1970 1588 2026 fiphunculo,
1603 1984 1648 2015 ut
1667 1977 1751 2017 Do·

152 2043 237 2080 mis
294 2051 361 2077 an-
377 2026 474 2070 &ciffi
495 2024 724 2069 Ehrhartus
749 2027 793 2066 in
810 2024 877 2066 sua
899 2021 1185 2067 Differtatione
1206 2024 1412 2068 adstruere
1440 2028 1660 2076 allaborat,
1676 2043 1751 2072 ceu

152 2106 360 2134 numerave.
376 2093 477 2126 nota
500 2080 845 2126 characteristica,
873 2080 976 2122 certi
997 2076 1180 2123 effietnus.
1238 2081 1330 2136 Ego
1354 2083 1468 2124 enim
1492 2084 1670 2139 ingenue
1692 2084 1754 2127 fa-

151 2152 236 2190 rim.
1664 2149 1754 2183 teor
