1864 2703
352 263 398 303 30
704 247 1080 290 DISSERTATIO
1113 246 1359 290 PHYSICA

351 315 1744 328 ..—————-—————-——————————-———

351 346 428 389 bus
450 346 494 387 hi
513 344 838 388 Orthoceratitae
856 343 1040 385 immersi
1068 346 1112 384 in
1141 356 1293 398 magna
1319 344 1490 398 quidam
1512 346 1748 400 copia‚vu1-

351 415 408 458 go
422 399 558 456 ἕξένῇείίε
581 403 608 443 i.
629 415 665 442 e.
676 401 815 454 sizgittae
833 397 946 446 dieii,
964 400 1228 453 reperiuntur
1246 413 1258 445 3
1286 399 1351 441 sed
1370 413 1469 442 cum
1496 401 1663 443 articuli
1686 400 1749 442 fa·

351 458 430 499 cile
448 470 469 498 a
490 457 725 498 seinvicem
749 452 967 502 diffluant,
987 455 1054 496 vel
1071 453 1272 503 secedant,
1289 457 1364 496 vix
1387 456 1462 497 nisi
1480 468 1555 510 per
1564 466 1700 511 partes
1722 469 1747 497 a

351 514 461 560 saxo,
481 510 784 557 cuiinhaerent,
804 507 1026 563 separandi.
1083 510 1238 551 Saxum
1267 509 1346 551 hoc
1377 510 1607 552 calcarium
1634 512 1748 553 cine-

351 571 413 609 rei
440 568 497 609 est
521 567 677 610 colotis
706 565 799 606 satis
829 562 1023 611 solidum,
1049 566 1166 606 cuius
1191 566 1342 607 coloris
1372 569 1411 607 ὃ(
1432 575 1590 607 naturae
1612 568 1745 609 etiam

351 625 538 665 contenti
576 620 918 668 Orthoceratitae,
961 622 1144 675 exceptis
1180 619 1452 676 quibusdam,
1495 623 1568 674 qvi
1603 621 1745 662 seleni-

350 681 467 727 ticae,
494 678 619 719 instar
654 676 829 724 fluoris,
867 676 959 717 sunt
994 677 1195 717 materiae.
1282 677 1453 731 Semper
1485 684 1625 719 tamen
1657 675 1744 717 fere

349 735 443 789 plus
461 735 598 775 minus
618 731 815 774 testarum
831 731 1040 785 reliquiae‚
1063 730 1098 772 se
1124 730 1383 786 distinguunt
1408 745 1431 772 a
1448 733 1682 773 continenti
1703 732 1743 771 ὃς

351 799 553 830 contento
577 789 686 835 saxo,
706 795 848 841 utpote
872 799 961 840 quae
980 786 1197 828 seleniticae
1220 787 1376 840 pariter
1400 788 1440 828 ὃ(
1466 786 1741 833 fulvescentis‚

351 845 504 886 coloris
521 845 636 887 sunt3
668 854 751 883 non
771 855 872 883 vero
897 841 1048 883 striatae
1068 848 1123 883 ut'
1139 844 1183 883 in
1200 842 1457 884 Belemnitis.

495 907 622 939 suecos
643 894 994 939 Excellentiiiimo
1020 898 1177 952 Magno
1197 897 1471 945 Brommelio‚
1496 899 1628 953 Regis
1644 899 1741 939 Sue-

351 956 427 997 ciae
451 953 773 997 Archiarrorum
791 953 962 999 Comici,
996 953 1117 993 titulo
1144 953 1388 995 bacinorum
1408 953 1668 1009 lapideorum
1689 965 1741 994 ex
1799 994 1801 997 .

349 1023 566 1052 marmore
586 1007 826 1054 Oelandico‚
850 1016 1043 1062 acceptos
1069 1006 1217 1056 refero,
1238 1017 1390 1063 praeter
1409 1010 1625 1062 plurimos,
1639 1020 1742 1064 quos

347 1066 430 1121 ipse
447 1067 489 1106 in
510 1076 723 1106 marmore
742 1061 967 1104 Oelandico
985 1062 1076 1118 (p),
1105 1061 1154 1104 de
1180 1076 1262 1118 quo
1292 1063 1328 1116 ᾗ.
1352 1075 1404 1113 52.
1422 1066 1572 1119 reperi,
1595 1066 1638 1105 in
1657 1076 1740 1118 quo

348 1119 450 1163 adeo
464 1119 699 1175 frequentes
716 1118 819 1167 sunt,
831 1129 875 1160 ut
893 1118 1052 1159 nullum
1070 1116 1156 1160 fere
1174 1116 1281 1171 apud
1296 1130 1371 1158 nos
1390 1120 1606 1166 conclave,
1622 1120 1741 1161 cuius

351 1179 644 1232 pavimentum
657 1173 735 1216 hoc
746 1186 956 1215 marmore
969 1174 1145 1215 stratum
1168 1173 1236 1219 est,
1254 1174 1492 1222 intraveris,
1505 1177 1549 1216 in
1561 1187 1643 1228 quo
1654 1186 1739 1214 non

348 1244 495 1280 unum,
513 1231 577 1272 vel
592 1231 768 1272 alterum
781 1229 1005 1284 vestigium
1023 1226 1341 1271 Orthoceratitae
1355 1226 1538 1270 offendas
1553 1243 1563 1273 3
1583 1228 1740 1270 nostra-

349 1296 410 1329 tes
439 1285 650 1342 Lapicidae
676 1281 809 1338 ‘pfesse
837 1286 862 1325 i.
891 1298 926 1325 e.
953 1285 1132 1338 Sagittas
1157 1297 1180 1324 a
1214 1282 1483 1325 similitudine
1506 1289 1737 1325 nominant.

347 1344 456 1384 Tres
473 1343 620 1396 species
645 1339 938 1382 Nobiliffimus
952 1341 1124 1385 Kleinz'us,
1135 1340 1300 1380 tertiam
1312 1339 1476 1387 scilicet,
1488 1340 1681 1394 quintam
1698 1340 1739 1379 δε

345 1409 628 1451 nonam‚quas
644 1408 741 1437 cum
760 1396 852 1437 aliis
868 1393 1068 1436 foffilibus
1088 1407 1138 1435 ex
1149 1393 1391 1436 Gottlandia
1412 1405 1639 1450 acceperat,
1651 1406 1740 1436 me-

350 1466 448 1496 cum
471 1452 819 1495 communicavit.

498 1527 547 1566 In
571 1525 695 1577 lngria
719 1518 988 1562 Excellentiff.
1014 1522 1153 1561 Gmelin
1173 1526 1224 1562 M.
1252 1530 1296 1563 D.
1323 1523 1364 1563 &
1388 1521 1626 1566 Academiae
1646 1526 1737 1568 (3ae-

346 1584 466 1624 sareae
489 1574 808 1632 Petropolitanae
826 1575 1081 1622 Membrum‚
1105 1575 1225 1617 huius
1240 1580 1404 1631 generis
1427 1579 1580 1635 lapides
1604 1584 1735 1624 etiam

345 1632 693 1691 frequentiffimos
725 1629 882 1673 detexit
916 1633 957 1672 ὃς
983 1631 1179 1671 Radiorum
1210 1635 1482 1672 articulatorum
1516 1636 1734 1688 lapideorum

348 1692 520 1734 nomine
545 1687 783 1742 insignivit,
811 1698 990 1741 quorum
1012 1685 1305 1741 descriptiones
1328 1690 1372 1729 in
1393 1694 1735 1731 Commentariorum

346 1750 453 1788 tertio
473 1757 564 1785 tomo
581 1746 667 1784 iam
686 1743 772 1782 iam
792 1742 937 1780 laudam
955 1740 1167 1788 Academiae,
1200 1743 1271 1796 qui
1291 1742 1359 1784 sub
1382 1744 1496 1797 prelo
1519 1744 1660 1788 sudare
1673 1748 1734 1789 di..

346 1805 470 1849 citur,
489 1798 690 1855 promisit.
750 1798 834 1838 Hic
855 1806 900 1838 ut
922 1795 1065 1837 lubens
1079 1795 1216 1845 audio,
1235 1797 1284 1837 de
1302 1800 1467 1853 origine
1484 1812 1629 1842 eorum
1650 1801 1731 1844 fer-

349 1871 416 1900 me
433 1853 607 1897 eandem
626 1865 791 1896 mecum
812 1850 927 1894 fovet
948 1852 1213 1900 sententiam,
1242 1852 1428 1908 mihique
1447 1855 1635 1907 quaedam
1657 1872 1733 1900 nu-

344 1913 526 1969 perrime
546 1911 670 1951 unius
691 1911 732 1951 ὅ(
748 1908 912 1950 alterius
933 1907 1081 1961 speciei
1104 1906 1281 1963 benigne
1300 1910 1524 1952 transmisit
1540 1926 1618 1968 pro
1636 1927 1733 1957 exa-

1620 1982 1733 2012 mine

393 2086 450 2135 (p)
502 2085 647 2122 Horum
666 2093 815 2133 quoque
836 2083 1061 2121 mentionem
1080 2084 1191 2122 iniicit
1214 2082 1316 2134 supra
1335 2086 1497 2126 laudatus
1516 2094 1676 2138 Leopoldus
1698 2097 1734 2129 in

563 2135 721 2168 Relatione
740 2137 861 2167 Itineris
870 2135 924 2175 sui
941 2136 1059 2169 Suecici
1068 2146 1104 2180 p.
1119 2147 1172 2180 97.
1194 2136 1358 2173 terminis
1386 2148 1477 2175 vero
1495 2140 1588 2178 adeo
1604 2141 1733 2183 obscu-

560 2182 620 2228 ris,
633 2191 675 2220 ut
684 2181 880 2221 coniestati
895 2191 1077 2233 oporteat,
1095 2185 1182 2234 quid
1199 2183 1286 2222 velit
1297 2185 1452 2227 Austor.
