1864 2703
129 360 179 395 Π.
210 349 339 402 claffis.

351 186 380 227 6
700 181 1073 225 DISSERTATIO
1116 181 1359 222 PHYSICA

981 269 1017 317 §¹-
1064 278 1122 306 12.

504 351 870 395 cochDmM
897 350 955 394 est
987 336 1134 413 ‘Testa
1166 334 1416 416 tubulosa,
1441 333 1749 395 monothala-

357 425 482 500 mia,
506 423 687 498 conica,
710 423 763 479 in
778 420 962 500 spiram
983 419 1256 501 constanter
1274 423 1540 502 regularem
1570 441 1750 479 convo-

359 511 473 570 lutet
495 529 509 573 3
547 523 707 562 ratione
727 519 1007 575 proportionis
1026 521 1064 560 ἃ
1090 519 1530 563 modi-convolutionis
1548 549 1559 569 ‚
1589 533 1664 575 pro
1680 533 1751 575 ge·

360 603 508 633 nerum
532 587 858 630 subalternorum
887 587 1110 632 varietate,
1144 585 1369 627 admodum
1388 589 1532 631 varim
1566 588 1752 642 aliquan-

361 647 413 689 do
433 643 629 699 operculo
647 639 818 698 praedita
838 668 849 688 ‚
886 641 1026 694 saepius
1046 654 1145 682 vero
1173 655 1222 683 eo
1242 640 1444 683 destituta.

469 710 536 753 Ad
555 708 661 750 hanc
677 705 853 750 Classem
870 705 1069 760 speutant:
1101 709 1241 746 Nautili
1262 718 1400 756 tenues,
1416 709 1498 750 five
1520 710 1645 750 vacui
1663 709 1753 750 vul-

363 782 418 825 go
435 765 555 808 diffi:
587 762 784 817 (Nauplii
802 763 965 816 potius,
997 769 1227 803 mutuatoa
1248 764 1385 804 Plinio
1440 769 1511 812 (c)
1569 766 1753 811 nomine,

366 824 417 866 ad
437 819 715 863 differentiam
733 817 895 858 Nautili
913 814 1031 856 craffi
1048 844 1059 864 ‚
1091 816 1139 857 de
1160 829 1240 870 quo
1263 816 1395 866 infra,
1426 817 1646 873 salutandi)
1682 826 1755 859 Au-

366 894 424 919 res
442 880 587 916 marinae
602 903 612 920 ,
652 875 781 912 Neritae
803 900 814 920 ,
843 871 985 909 Cochleae
1006 897 1017 917 ‚
1056 874 1210 910 Buccina
1230 900 1240 920 ‚
1272 876 1427 911 Murices
1442 901 1454 919 ‚
1492 873 1636 924 Caffldes
1650 901 1662 922 ,
1693 879 1756 920 Cy-

367 933 480 973 lindrt'
495 960 506 977 ‚
545 930 671 967 Volutae
692 955 702 975 ,
737 926 936 965 Porcellanae
960 926 1001 964 ὃς
1026 938 1109 966 uno
1131 926 1258 967 verbo
1280 939 1425 968 omnes
1453 928 1548 975 Teste
1567 928 1756 966 turbinatae

369 987 498 1084 vuflgo
518 982 750 1080 3dpxceptis
778 980 954 1022 Nautilo
978 981 1019 1020 &
1044 981 1274 1023 Ammonia
1293 1009 1305 1031 ,
1335 981 1388 1023 ad
1404 980 1563 1024 classem
1588 984 1756 1023 tertiam

369 1057 415 1086 re
435 1053 531 1084 eren
562 1052 611 1081 is.

477 1109 523 1149 In
540 1100 966 1160 quibusdam'horum
989 1101 1208 1157 generibus
1235 1100 1394 1154 tubulostz
1417 1103 1601 1153 strufft'ura
1631 1116 1703 1160 per
1724 1105 1761 1148 se

373 1172 488 1221 patet
508 1163 549 1202 &
571 1160 727 1201 nucleis
753 1155 924 1212 lapideis
940 1159 984 1198 in
1001 1170 1147 1198 eorum
1164 1156 1413 1199 cavitatibus
1430 1158 1498 1200 sub
1519 1168 1625 1200 terra
1642 1163 1760 1213 geni-

376 1222 433 1262 tis
449 1214 723 1260 confirmatur
735 1227 749 1251 :
777 1221 822 1252 ut
838 1214 882 1252 in
898 1212 1071 1260 Cocbleis‚
1097 1214 1281 1256 Buca-inis,
1308 1212 1503 1250 Muricibus
1521 1209 1762 1270 fimilibu8q'3

375 1277 420 1316 in
439 1273 529 1314 aliis
548 1282 649 1311 vero
675 1268 848 1322 cognitu
870 1267 1171 1321 aliquantulum
1190 1264 1401 1307 difficilior
1420 1266 1476 1308 est
1495 1282 1504 1308 :
1543 1277 1589 1309 ut
1612 1271 1658 1309 in
1678 1278 1763 1309 Por-

375 1330 539 1372 cellanis,
574 1322 778 1372 cylindris,
809 1322 949 1360 Volutis
962 1349 974 1370 ,
1005 1321 1159 1360 Auribus
1171 1323 1350 1369 marinis,
1373 1323 1514 1374 &quae
1532 1336 1662 1377 porro
1672 1323 1765 1366 sunt

378 1380 465 1435 ejus
481 1379 715 1423 commatis.
773 1376 946 1416 Interim
957 1385 1117 1424 tamen,
1140 1376 1168 1417 fi
1185 1372 1425 1418 dividantur
1436 1377 1562 1426 ferra,
1586 1380 1765 1420 &inter-

380 1451 433 1479 na
454 1447 596 1478 earum
618 1429 815 1474 strustura
830 1440 988 1471 attente
1004 1430 1245 1483 inspiciatur
1258 1431 1298 1469 ὃ(
1315 1432 1578 1473 examinetur
1592 1460 1604 1480 ,
1645 1435 1765 1475 tubu-

381 1493 462 1555 lQsa
486 1487 629 1532 eadem
647 1516 659 1538 ,
695 1488 887 1542 quamvis
908 1486 1008 1542 saepe
1029 1483 1260 1527 deformata
1288 1486 1328 1525 ὃ(
1353 1484 1520 1528 distorta
1541 1486 1766 1543 deprehen-

380 1547 754 1650 detuxglochlidium
765 1601 943 1653 κοχλίδων,
955 1604 1065 1646 idem
1080 1603 1186 1660 quod
1199 1606 1329 1653 κόχλις,
1341 1603 1439 1646 teste
1447 1603 1581 1652 Svida‚
1592 1619 1769 1661 parvam

383 1665 553 1708 denotat
569 1659 798 1703 Cochleam
819 1672 832 1704 3
869 1672 948 1715 ego
967 1672 1053 1702 non
1070 1658 1210 1700 habito
1233 1658 1413 1714 respef'tu
1439 1659 1489 1701 ad
1516 1662 1768 1716 magnitudi-

387 1733 484 1762 nem
502 1747 513 1765 ‚
540 1715 620 1758 hoc
637 1714 835 1774 venabulo
857 1726 931 1768 pro
952 1715 1122 1756 nomine
1139 1712 1302 1757 claffico
1324 1724 1419 1756 utor
1434 1744 1447 1762 ‚
1476 1715 1529 1758 ad
1555 1716 1768 1772 defignan-

389 1776 489 1818 dum
505 1771 676 1815 Testam
687 1782 778 1823 Jam
798 1768 1024 1812 definitam.

1645 1878 1681 1935 §-
1718 1894 1769 1933 ις.

443 2038 511 2088 (c)
563 2037 654 2076 Hist.
674 2039 761 2074 Nat.
786 2039 826 2074 L.
853 2038 914 2075 lX.
940 2037 985 2074 C.
1005 2047 1062 2082 30.
1113 2036 1214 2085 Qd
1239 2044 1360 2072 autem
1383 2035 1517 2072 ibidem
1538 2047 1600 2086 per
1622 2038 1772 2088 Naupli-

608 2099 672 2127 um
689 2086 859 2125 Mutuani
878 2085 1277 2137 proprie-intellexerit,
1295 2096 1371 2123 non
1388 2083 1538 2124 constat.
