1864 2703
464 206 541 248 DE
588 202 1079 248 POLYTHALAMns.
1422 223 1461 262 31

72 296 186 334 mine
204 292 429 346 specimina
446 316 458 335 ‚
488 303 574 344 quae
596 302 691 330 cum
711 289 958 331 nostratibus
986 294 1230 340 convenire,
1258 293 1320 334 sed
1339 294 1463 350 longe

72 350 212 389 minus
230 343 603 401 integra,ade0que
621 344 796 399 cognitu
817 342 1053 387 difficiliora
1070 344 1331 401 deprehendi.

713 440 749 495 §·
782 443 847 483 60.

124 545 128 548 ,
215 546 218 550 ,
264 501 657 558 Dfflrentimshorum
669 506 1017 546 Ortboceratitarum
1031 506 1166 563 potiffi
1174 520 1286 550 mum
1306 522 1327 550 a
1336 514 1458 564 positi.
1472 505 1685 545 ortbacera-

72 561 340 613 onesiphtmculi
360 557 564 599 thalamos
583 560 845 608 transeuntis,
868 559 963 601 dein
983 575 1005 601 a
1021 564 1146 615 figura
1166 574 1314 602 externa
1335 572 1457 607 conica
1469 564 1542 599 titae
1597 576 1683 613 quo·

70 618 226 663 lentius,
249 616 304 653 »el
325 617 435 652 citius
457 613 693 665 decreftente‚
727 614 904 670 denique
928 615 980 657 ab
1002 619 1165 656 articulis
1188 617 1269 658 five
1292 620 1456 661 thalamis
1468 615 1568 653 modo
1578 615 1684 667 diff}-

71 669 342 724 amplioribus
360 669 424 709 vel
446 667 726 717 strictioribus,
743 683 822 725 pro
844 672 967 726 scopo
988 672 1030 713 &
1045 681 1233 726 tempore
1250 675 1455 728 praesenti-
1468 680 1566 711 rant.

70 727 157 774 buS,
175 722 441 767 desumendas
457 722 657 766 indicavi.

680 821 718 875 ᾗ.
764 824 817 864 61.

282 886 515 930 Secundum
538 885 610 929 has
628 885 732 929 mihi
750 889 1004 944 praescriptas
1020 891 1187 946 regulas
1202 919 1214 939 ‚
1237 891 1456 949 postqvam
1470 891 1604 939 Species
1613 901 1680 928 ⁷²0·

68 956 169 1001 quot
187 954 288 998 quot
305 943 484 985 nancisci
506 943 622 997 potui
649 943 873 995 specimina
896 944 1033 987 sedulo
1050 948 1315 995 examinavi,
1333 958 1457 988 nonem
1470 956 1567 984 vem.

66 1000 274 1044 distinctas
283 1001 411 1053 species
430 1011 514 1041 non
532 997 613 1038 fine
631 997 770 1040 labore
787 997 940 1049 detexi,
957 1013 1134 1055 quarum
1155 1000 1387 1046 distinetam
1413 1006 1455 1045 &

55 1059 324 1112 -adaequatam
366 1052 505 1095 ideam
539 1051 645 1094 mihi
679 1065 765 1095 non
800 1064 966 1097 tantum
1003 1055 1189 1099 formare
1214 1087 1226 1107 ‚
1276 1059 1339 1101 sed
1376 1059 1452 1101 ali-

65 1116 99 1155 is
121 1115 248 1154 etiam
277 1122 344 1151 me
368 1108 563 1152 exhibere
589 1106 696 1162 posse
722 1109 900 1153 confido.
989 1115 1072 1151 Tres
1098 1115 1244 1166 primae
1257 1115 1453 1166 fiphuncn-

62 1172 134 1207 lum
155 1166 307 1208 habent
323 1168 362 1202 in
380 1175 499 1204 centro
523 1164 657 1211 fitum,
671 1164 753 1206 five
770 1178 844 1219 per
860 1178 981 1208 axem
1000 1167 1279 1210 transeuntem
1296 1180 1307 1212 3
1339 1184 1451 1222 quar-

61 1234 100 1261 ta
125 1224 164 1262 ὃς
189 1225 318 1275 quinta
341 1232 442 1260 vero
465 1223 561 1258 inter
585 1229 747 1257 centrum
772 1220 818 1260 (ἴ
839 1222 1076 1274 peripheriam
1099 1222 1305 1277 pofitum3
1339 1224 1450 1275 sexta

51 1279 207 1330 fiptima
226 1274 350 1313 odana
375 1273 422 1314 Εἴ
438 1288 533 1314 nona
551 1272 728 1329 denique
744 1278 909 1329 proxime
929 1276 981 1316 ad
988 1279 1231 1331 peripheriam
1245 1279 1288 1331 s
1311 1283 1450 1333 margi-

63 1345 143 1373 nem
157 1331 354 1373 locatum.

669 1426 706 1480 §.
763 1428 822 1467 62.

266 1495 640 1559 Orthoceratites
655 1495 947 1579 siphunculo
984 1519 1139 1557 axem
1169 1501 1446 1569 transpun't‘e
1458 1528 1646 1578 aspmgs.

48 1585 325 1670 graciliori,
362 1580 616 1669 lentffme
642 1580 901 1664 decreftem
933 1606 949 1652 3
1014 1582 1257 1646 thalamis
1294 1587 1443 1668 olim,

55 1693 184 1733 nunc
213 1669 434 1730 articulis
464 1666 798 1750 amplioribus.

201 1750 339 1803 Hujus
354 1753 397 1794 in
417 1751 706 1793 Pommerellia
724 1749 981 1805 potiffimum
996 1752 1110 1794 obvii
1129 1780 1140 1801 ,
1167 1766 1292 1809 quarn
1311 1756 1439 1810 pluri-

53 1824 144 1852 mas
158 1807 335 1864 poffideo
355 1809 565 1862 portiones
579 1804 759 1859 majores
775 1809 813 1847 ὃς
832 1808 1015 1849 minores
1029 1821 1040 1852 ;
1058 1811 1250 1851 omnium
1264 1823 1363 1852 vero
1374 1813 1435 1853 in-

53 1866 325 1920 tegerrimum
339 1862 394 1904 est
411 1863 617 1917 specimen
630 1891 641 1909 ‚
669 1864 787 1904 cuius
802 1870 942 1918 partes
960 1864 1122 1919 aliquot
1145 1865 1299 1905 TaleI.
1318 1866 1435 1908 exhiss

53 1921 222 1967 bentur,
240 1921 280 1959 8<
301 1917 408 1972 quod
429 1930 480 1959 ex
497 1918 802 1973 quinquaginta
825 1919 994 1960 circiter
1010 1919 1199 1960 articulis
1215 1922 1431 1976 integrum

51 1974 326 2029 compositum
352 1971 488 2021 fuisse,
509 1971 685 2015 videtur.
745 1975 883 2016 Huius
901 1971 1109 2016 diameter
1129 1974 1231 2017 basis
1259 1978 1430 2018 unciam

49 2029 351 2087 aliquantulum
373 2026 551 2075 excedit,
579 2030 676 2069 coni
695 2042 795 2071 vero
823 2028 1045 2083 longitudo
1062 2027 1164 2070 duos
1184 2029 1343 2085 superat
1359 2044 1427 2085 pe-

52 2088 121 2129 des
142 2113 155 2135 ,
183 2094 228 2131 ut
246 2083 347 2127 adeo
363 2085 472 2126 ratio
491 2082 618 2134 basis,
645 2083 698 2127 ad
716 2097 872 2129 conum
888 2086 957 2135 fit,
988 2092 1034 2127 ut
1052 2099 1080 2127 1.
1095 2083 1147 2127 ad
1165 2099 1226 2129 20.
1245 2088 1425 2184 cir-cit}

1409 2151 1425 2183 t
