1864 2703
333 226 378 266 26
713 213 1086 259 DISSERTATIO
1123 209 1363 255 PHYSlCA

338 315 471 359 adhuc
490 312 662 355 existere
678 339 688 358 ,
706 310 825 360 (cum
843 309 977 350 nullas
995 309 1295 349 Creaturarum
1315 308 1475 362 species,
1503 308 1657 348 Divina
1682 309 1739 347 ita

340 371 510 414 iubente
529 364 801 410 Providentia
824 366 866 404 in
886 362 963 404 hoc
983 372 1191 405 terrarum
1208 361 1331 408 Orbe,
1353 373 1446 402 ante
1464 362 1739 403 universalem

340 429 455 469 illam
472 426 513 465 ὃ(
528 424 722 465 ultimam
740 418 1056 474 Catastrophem
1074 421 1243 460 interire
1262 417 1545 468 crediderim)
1567 431 1665 459 mox
1684 418 1740 458 se-

343 491 490 526 cutura
507 479 724 522 testantur,
746 475 812 516 vel
836 474 962 516 solido
993 475 1091 516 saxo
1110 472 1298 528 impressa
1330 474 1502 527 vestigia
1536 474 1576 513 δε
1605 476 1649 514 in
1676 475 1738 514 rei

345 535 598 579 memoriam
617 531 804 585 insculpti
826 528 1346 572 indelebilesCharafieres
1363 531 1487 582 inqve
1504 541 1642 569 aevum
1665 527 1738 570 du·

346 601 486 635 ratura
504 594 795 631 monumenta.
857 585 1160 639 Conseqventia
1187 586 1324 632 enim,
1350 582 1458 638 quod
1484 582 1671 624 nondum
1692 585 1738 625 in

349 648 456 688 mari
476 654 691 700 repertum
711 640 780 688 est,
805 640 905 681 illud
927 652 1009 681 non
1029 641 1166 681 existit
1188 642 1229 681 in
1245 653 1308 687 eo,
1329 652 1413 680 non
1429 639 1538 680 vaiet
1556 651 1566 682 3
1597 638 1739 692 procul

347 703 468 744 omni
492 701 606 742 enim
633 696 790 740 dubi03
821 708 874 736 ne
903 696 1124 737 centefima
1150 693 1319 749 qvidem
1346 709 1461 751 pars,
1489 706 1581 748 qvae
1609 697 1738 736 maris

348 754 514 808 abyssus
533 751 760 798 abscondit,
782 749 832 791 ad
852 750 1033 792 nostram
1061 752 1253 806 pervenit
1276 751 1492 798 notitiam,
1507 749 1615 802 quod
1634 763 1735 805 quo-

346 812 504 854 tidiana
532 820 741 851 novarum
775 819 917 847 rerum
942 819 965 846 a
997 806 1163 847 curiofis
1189 809 1363 848 Naturae
1394 805 1690 847 scrutatoribus
1713 819 1735 847 e

344 867 476 911 fundo
496 866 623 907 maris
643 860 948 918 protrafflirum
968 859 1192 903 confirmat
1215 859 1414 908 deteffio,
1433 872 1647 915 nunquam
1664 860 1736 901 ab·

345 920 561 968 solvenda,
594 931 691 961 cum
711 921 885 960 Naturae
913 915 1092 958 thesauri
1113 930 1134 957 a
1156 914 1402 959 mortalibus
1424 927 1638 969 nunquam
1664 928 1735 957 ex-

345 977 507 1020 hauriri
521 983 688 1031 queant.
743 974 859 1014 Nolo
876 982 1014 1013 autem
1042 973 1087 1012 in
1112 970 1305 1014 diluendo
1323 969 1402 1012 hoc
1430 983 1571 1011 errore
1605 971 1733 1024 proli-

342 1035 439 1075 xior
455 1028 543 1078 effe,
564 1042 660 1072 cum
680 1026 760 1070 hoc
788 1030 874 1068 iam
896 1026 948 1068 ab
964 1028 1056 1069 aliis
1073 1025 1229 1069 fae'ium
1252 1027 1312 1074 fit,
1337 1039 1441 1081 quos
1465 1027 1575 1066 inter
1595 1026 1732 1067 excel·

343 1090 395 1131 lit
413 1084 672 1130 Clariffimus
685 1081 914 1125 Ehrhartus
930 1084 975 1125 in
993 1081 1282 1126 Differtatione
1305 1079 1354 1123 de
1371 1082 1615 1123 Belemnitis
1632 1082 1732 1123 Sve-

343 1145 453 1187 vicis
474 1142 560 1198 (n).

975 1193 1009 1247 ᾗ.
1041 1207 1098 1247 ςι.

121 1273 332 1326 Conjefflura
547 1262 657 1303 Cum
675 1261 943 1313 itaqveLitui
964 1261 1077 1309 testa,
1099 1263 1240 1317 prouti
1258 1274 1350 1304 eam
1371 1263 1414 1302 in
1433 1262 1540 1303 mari
1558 1260 1732 1304 existere

120 1331 163 1370 de
179 1329 332 1368 animali
343 1321 526 1374 suppono
547 1318 693 1371 ignota
713 1315 781 1362 fit,
806 1315 898 1356 sane
919 1317 1072 1358 animal
1094 1316 1203 1371 quod
1231 1330 1322 1359 eam
1344 1315 1549 1359 inhabitat
1568 1329 1732 1371 quoque

149 1383 274 1436 ustam
342 1378 537 1430 ignotum
553 1369 629 1413 esse
648 1371 803 1411 mirum
821 1383 906 1411 non
929 1371 998 1412 est.
1056 1372 1098 1412 Si
1118 1381 1258 1413 tamen
1275 1369 1498 1425 conjediari
1514 1373 1624 1419 licet,
1642 1374 1734 1412 ani-

119 1442 210 1481 hanc
227 1437 335 1478 inha-
346 1431 430 1472 mal
447 1427 527 1471 hoc
543 1426 593 1467 ad
610 1424 711 1467 illud
732 1423 841 1480 quod
860 1427 1134 1468 Ammoniam
1157 1426 1381 1474 inhabitat,
1408 1425 1627 1476 accedere,
1643 1425 1732 1468 affi-

120 1496 269 1536 bitante.
345 1487 455 1528 nitas
479 1482 591 1526 testae
608 1479 764 1524 svadet.

977 1536 1013 1590 §.
1053 1549 1111 1590 5²·

117 1621 276 1660 Lituites
310 1630 334 1655 a
541 1607 719 1645 Lituitam
741 1604 902 1658 primus
914 1616 992 1658 ego
1011 1612 1105 1644 ante
1121 1603 1401 1647 binacirciter
1417 1604 1541 1647 lustra
1559 1606 1651 1647 casu
1663 1603 1729 1647 de-

119 1689 175 1714 me
215 1675 334 1722 primo
345 1665 432 1708 texi
450 1660 666 1706 marmori,
685 1658 847 1705 scilicet,
857 1660 916 1699 im
924 1658 1340 1701 mersuvaelandico
1358 1661 1436 1714 (o),
1447 1662 1604 1703 cinerei
1620 1662 1730 1703 colo-

120 1728 276 1769 deteb't'us
287 1724 334 1765 εἴ
344 1722 417 1767 ris,
428 1720 544 1760 cuius
562 1726 714 1767 magna
734 1715 944 1768 qvantitas
961 1727 1012 1755 ex
1023 1714 1223 1757 Oelandia
1237 1717 1392 1757 Sveciae
1413 1716 1552 1761 insula,
1565 1716 1616 1757 ad
1631 1716 1728 1758 ster-

117 1780 298 1838 quomodo.
344 1772 478 1817 nenda
497 1770 762 1813 conclavium
774 1770 1015 1823 pavimenta
1032 1770 1215 1824 aliosqve
1231 1772 1380 1812 fimiles
1390 1771 1492 1817 usus,
1505 1771 1554 1812 ad
1574 1785 1649 1813 nos
1661 1771 1730 1813 de-

339 1831 444 1875 ferri
461 1827 574 1870 solet.
631 1824 766 1866 Huius
783 1824 988 1878 specimen
1013 1826 1200 1880 primum
1226 1826 1307 1868 Tab.
1326 1833 1375 1867 ll.
1405 1832 1480 1882 Fzg.
1501 1840 1548 1870 ιι,
1567 1828 1731 1882 expres-

1623 1883 1728 1930 sum,

411 1978 433 2003 n
503 1964 598 2002 Edit.
620 1963 683 2002 alt.
726 1975 770 2003 ‚2
800 1991 810 2002 .

393 1967 452 2065 {03
504 2015 581 2064 Qi
599 1969 767 2070 piurffie
777 1976 851 2050 {mc
872 2023 1056 2052 marmore
1077 2015 1162 2052 scire
1178 2013 1365 2059 desiderat,
1382 2015 1479 2064 legat
1494 2027 1572 2066 qua:
1591 2018 1730 2056 amicis-

556 2063 664 2100 simus
682 2064 770 2100 mihi
787 2064 971 2113 quondam
995 2065 1028 2109 J.
1047 2071 1097 2102 Fr.
1110 2067 1239 2110 leopold
1252 2069 1286 2098 in
1304 2068 1461 2099 Rene-ione
1477 2068 1515 2100 de
1535 2070 1644 2102 Itinere
1658 2072 1730 2102 Sue-

552 2116 668 2200 {zi-Fest-
693 2128 746 2159 ²4·
775 2119 814 2150 (9‘
831 2116 922 2162 fiqq.
954 2123 999 2150 ex
1021 2117 1095 2153 Nic.
1120 2116 1230 2152 Valmi
1255 2116 1470 2159 Drſjbrtmone
1499 2118 1536 2150 de
1563 2118 1728 2164 Odandia,
