1864 2703
346 242 385 270 22
703 223 1079 268 DISSERTATIO
1115 222 1358 267 PHYSICA

347 312 602 356 horizontali
632 312 690 352 ita
721 311 966 358 convoluta,
999 318 1044 350 ut
1070 310 1230 364 semper
1262 318 1368 352 teres
1394 320 1581 360 maneat,
1607 323 1741 367 neque

349 379 538 422 unquam
562 367 600 409 se
624 366 752 408 latera
776 367 961 407 invicem
990 372 1190 419 tangant,
1213 367 1384 407 interim
1412 374 1555 407 tamen
1583 366 1741 423 semper

350 425 520 480 propius
547 421 596 463 ad
624 421 864 463 seinvicem
896 418 1108 461 accedant.
1148 419 1261 469 (fab.
1281 427 1329 461 ΙΙ.
1353 423 1427 474 th.
1447 427 1502 469 8.)
1557 422 1741 464 Externe

351 477 462 520 taeta
479 491 562 519 non
583 476 685 518 nihil
706 475 858 523 scabra,
875 476 1026 516 coloris
1044 473 1184 522 albidi,
1206 475 1511 530 aliquantulum
1529 474 1742 529 pellucida,

349 532 459 576 und-e
475 532 839 587 diaphragmatum
863 532 1122 571 internorum
1151 539 1418 586 transparent
1444 529 1643 585 vestigia;
1675 533 1741 572 in·

351 601 467 631 terne
502 589 631 639 polita
667 588 713 626 .&
747 584 962 640 splendens
986 597 997 629 ;
1044 583 1429 640 diaphragmatibus
1467 586 1710 628 transversis
1727 614 1740 635 ‚

352 645 493 686 versus
503 643 612 684 bafin
626 641 1010 694 concavisfflpicem
1026 653 1129 682 vero
1145 642 1360 688 convexiS,
1380 640 1578 689 testaceis,
1590 642 1740 683 coloris

349 700 542 755 per-lacei,
559 699 604 738 in
621 698 790 750 triginta
813 696 881 736 sex
892 695 956 736 vel
973 695 1124 750 septem
1145 693 1359 744 thalamos,
1372 696 1453 737 five
1471 708 1738 738 concamera-

351 757 486 796 tiones
494 752 636 794 sensim
648 751 876 806 senfimqve
889 751 1072 791 minores
1081 749 1326 804 plerumque
1341 749 1485 792 divisa.
1515 752 1740 793 Extimum

350 807 623 864 diaphragma
639 805 939 848 foraminulum
955 803 1080 846 habet
1095 805 1223 846 setam
1239 804 1361 847 facile
1376 803 1606 848 admittens
1627 804 1740 854 (Tab.

351 872 397 906 11.
418 872 455 905 F.
477 861 578 908 a&
594 870 656 910 9.)
685 863 859 902 interno
884 861 1067 913 margini
1092 861 1358 915 proximum,
1392 859 1503 915 quod
1528 858 1740 904 orificium

351 919 410 961 est
426 917 654 973 fiphunculi
671 917 826 972 pariter
842 914 1007 956 testacei
1014 941 1027 962 ,
1051 915 1195 956 senfim
1223 916 1356 970 magis
1372 914 1554 970 angusti,
1573 928 1648 969 pro
1668 928 1740 956 ex-

350 971 541 1028 cipienda
573 970 810 1013 animalculi
836 969 962 1010 cauda
978 997 988 1017 ,
1014 979 1253 1024 ceterosque
1273 971 1376 1016 usus,
1399 971 1516 1025 supra
1540 973 1578 1023 §-
1606 983 1662 1022 35.
1689 968 1740 1011 de

352 1029 529 1071 Nautilo
548 1034 815 1071 memoratos,
834 1037 979 1066 omnes
997 1022 1202 1065 thalamos
1220 1023 1272 1065 ad
1287 1027 1447 1080 apicem
1463 1038 1591 1080 usque
1609 1035 1741 1067 trans-

354 1084 508 1125 euntis.
562 1084 778 1123 Internam
796 1078 903 1121 hanc
924 1078 1170 1120 strffluram
1186 1083 1352 1134 egregie
1363 1080 1580 1122 adumbrat
1596 1080 1676 1121 Ταῦ.
1692 1086 1738 1121 ΙΙ.

353 1141 429 1191 Fig.
448 1151 484 1183 9-
504 1150 554 1178 cu
557 1134 622 1188 jus
640 1145 817 1190 quatuor
834 1133 1007 1175 thalami
1021 1133 1224 1181 disti-acin
1256 1139 1330 1188 Fzg.
1352 1148 1399 1177 ιο.
1418 1149 1519 1177 vero
1537 1134 1740 1177 thalamos

353 1189 557 1245 ejusmodi
571 1190 847 1242 microfcopio
858 1188 996 1229 aufios
1012 1189 1210 1234 exhibea
1239 1191 1407 1232 Extima
1427 1192 1739 1244 cavitas,quam

353 1247 653 1287 animalculum
668 1243 993 1292 inhabitat,110n‚
1010 1254 1055 1285 ut
1071 1246 1113 1284 in
1125 1245 1328 1293 Nautilis‚
1340 1245 1462 1301 longe
1482 1246 1635 1287 ceteris
1653 1256 1742 1285 am-

351 1300 541 1357 pliffitna,
562 1300 626 1342 sed
639 1312 793 1355 parum
814 1308 977 1339 tantum
995 1300 1516 1354 proximeantecedentem
1532 1302 1742 1354 magnitu-

351 1355 448 1398 dine
471 1354 646 1401 excedit,
669 1353 777 1395 unde
801 1355 1041 1395 animalculi
1064 1367 1227 1410 quoque
1251 1356 1419 1398 exilitas
1443 1353 1617 1398 colleffi‘cu
1635 1353 1741 1396 faci-

351 1412 433 1456 lis3
459 1412 653 1467 quamvis
680 1409 729 1450 de
752 1408 1029 1463 amplitudine
1043 1411 1244 1452 (cavitatis
1267 1413 1436 1452 extimae
1455 1409 1632 1452 necdum
1653 1422 1743 1450 cer-

351 1477 396 1508 to
420 1466 603 1510 constat3
633 1466 730 1519 quia
748 1466 861 1505 enim
878 1462 957 1505 bafi
974 1463 1038 1505 sua
1054 1465 1225 1520 scopulis
1241 1463 1423 1507 adhaereft
1440 1466 1587 1506 oceani
1603 1466 1741 1505 orien-

354 1521 448 1563 talis
467 1521 617 1562 insulas
635 1520 846 1561 Moluccas
864 1520 1051 1560 alluentis
1069 1548 1080 1567 ‚
1103 1519 1202 1560 testa
1217 1519 1431 1567 flufflbus,
1458 1519 1582 1561 borea
1598 1519 1740 1566 flante,

354 1578 412 1618 ita
434 1577 655 1630 separatur,
676 1583 720 1615 ut
735 1575 917 1615 extimus
934 1571 1022 1626 ejus
1039 1587 1202 1628 margo,
1220 1588 1318 1617 curn
1341 1576 1388 1616 fit
1408 1573 1635 1616 admodum
1656 1572 1741 1615 fra-

354 1632 450 1685 gilis
469 1633 513 1671 in
536 1629 709 1684 scopulis
727 1637 951 1677 remaneat,
968 1630 1070 1670 &in
1088 1631 1207 1683 copia
1231 1629 1283 1671 ad
1302 1632 1418 1672 littus
1440 1628 1653 1673 defertur3
1682 1638 1741 1670 te-

354 1686 412 1728 ste
428 1685 641 1740 Rumphio
669 1683 770 1738 (f):
813 1681 863 1724 de
888 1697 986 1725 vera
1012 1684 1305 1739 magnitudine
1323 1683 1508 1726 iudicare
1527 1685 1739 1726 nonlicet.

354 1742 753 1795 Reperiturquoque
769 1740 930 1793 copiose
949 1738 1450 1782 inlittoribuslnsularum
1469 1740 1743 1780 Americana-

355 1809 451 1838 rum
462 1794 683 1842 Barbados,
700 1796 895 1845 Jamaicae
917 1796 957 1836 ὃς
973 1793 1199 1839 Bahman
1226 1795 1323 1836 teste
1339 1793 1627 1840 Woodwardo
1657 1795 1741 1848 (g).

356 1853 419 1893 De
439 1848 570 1903 figura
584 1859 725 1891 autem
742 1848 1249 1891 animalculidomicilium
1266 1848 1344 1891 hoc
1364 1850 1589 1891 testaceum
1607 1852 1743 1891 cutio-

354 1905 557 1946 fisfimurn
569 1904 852 1955 inhabitantis,
863 1907 994 1947 altum
1009 1902 1112 1960 apud
1121 1917 1270 1948 omnes
1287 1905 1504 1947 silentium.

357 2058 1745 2073 ***—*

429 2093 447 2132 f
519 2096 606 2132 Loc.
627 2095 689 2134 cit,

402 2095 469 2206 ((ἓξ
518 2161 556 2193 In
574 2158 627 2194 the
644 2161 811 2208 Cataelogue
827 2161 922 2208 ofebe
941 2162 1078 2210 Englifih
1095 2163 1196 2207 Fosfils
1214 2160 1308 2199 Part.
1324 2161 1372 2198 11.
1388 2171 1425 2211 p.
1445 2167 1530 2208 1135
