1864 2703
503 185 578 227 DE
606 179 1096 245 POLYTHALAMHS.
1432 193 1481 234 17

84 274 180 314 dam
202 271 285 311 five
308 269 576 326 appendicem
606 269 735 323 partis
758 265 952 325 animalis
970 265 1109 308 mollis
1124 279 1299 323 eamque
1319 282 1393 324 per
1412 280 1478 312 to·

87 339 173 368 tam
193 326 301 366 testae
321 325 583 365 transmittat
606 325 782 376 spiram3
814 332 929 373 cujus
948 318 1149 362 beneficio
1167 322 1275 364 testae
1293 335 1374 365 non
1387 333 1478 367 tan-

85 394 177 424 tum
196 379 429 422 annectitur
443 377 624 420 firmiter
637 405 648 425 ,
666 375 729 418 sed
747 378 876 418 etiam
898 374 979 428 ipsa
995 374 1095 416 testa
1113 376 1257 418 vitalis
1284 377 1398 420 reddi
1415 383 1477 421 vi·

87 437 220 480 detur.
303 437 505 476 Praeterea
528 431 636 474 forte
659 427 1004 476 intromittendo,
1036 430 1101 471 vel
1122 431 1349 474 emittendo
1373 436 1476 481 aeri,

87 493 152 544 yel
177 504 291 546 aquae
310 503 362 531 ex
384 502 465 530 una
493 488 860 530 concameratione
879 486 924 525 in
944 484 1067 525 aliam
1089 511 1100 531 ,
1132 485 1326 534 inservit,
1355 501 1479 540 prout

87 547 279 589 Hoockio
297 544 428 585 visum
453 542 548 584 fuit.
604 540 716 585 Vide
739 541 773 596 §.
791 554 849 600 29.
869 539 1004 594 supra.
1098 537 1216 595 Qod
1242 550 1286 582 ut
1307 542 1480 597 diligen-

88 605 168 643 tius
182 601 415 654 inquirant,
449 599 562 638 viros
579 596 758 638 curiosos
785 594 993 648 ejusmodi
1012 596 1143 634 maria
1161 620 1173 640 ,
1209 607 1300 649 quae
1319 601 1480 640 anima-

87 657 141 708 lia
157 653 244 696 haec
259 655 374 696 alunt
386 682 397 701 ,
428 653 661 694 visitaturos
676 664 827 693 moneo
840 679 851 698 ‚
876 652 915 691 ἃ
929 658 1119 690 accurata
1134 652 1260 690 totius
1279 651 1480 694 mirabilis

89 708 213 766 hujus
240 710 433 752 animalis
459 709 581 750 icone
615 709 656 749 δε
679 706 950 760 descriptione
972 702 1202 747 Historiam
1230 706 1478 749 Naturalem

90 766 306 808 exornent.
716 816 738 871 ᾗ

744 847 753 857 .
810 818 874 869 ,6.

297 898 511 954 Qantum
529 893 579 936 ad
597 892 738 939 modum
750 895 963 931 accretionis
976 892 1071 943 Tcstae
1081 895 1246 941 Natttili,
1276 905 1374 937 eum
1385 907 1484 938 con-
1494 895 1618 935 Modus
1629 912 1689 938 ac-

90 951 223 1010 jeftor
239 952 488 1007 sequentem.
564 947 737 990 Animal
757 948 959 988 nimirum
981 949 1090 989 mole
1109 947 1277 990 austum
1294 978 1306 998 ,
1335 951 1405 992 ubi
1415 950 1486 992 do·
1500 955 1667 991 cretionis

95 1010 325 1056 micilium,
350 1007 434 1048 five
455 1006 660 1047 extimam
689 1005 914 1044 cavitatem
940 1002 1012 1044 fibi
1041 1015 1125 1045 non
1140 1001 1326 1046 sufficere
1343 1006 1466 1048 sentit
1475 1005 1607 1056 ,Testae.

95 1066 272 1122 parietes
290 1060 380 1115 ejus
404 1059 615 1117 producit,
641 1057 822 1112 adeoque
846 1059 1072 1100 cavitatem
1099 1060 1300 1111 ampliat;
1343 1073 1396 1102 ne
1413 1074 1485 1102 au-

96 1131 182 1162 tem
214 1120 424 1173 gravitate
465 1114 562 1158 binc
605 1113 862 1155 accrescente
891 1112 963 1153 fibi
1004 1115 1123 1155 oneri
1161 1115 1203 1153 δε
1234 1112 1286 1155 ad
1320 1125 1483 1158 motum

95 1173 247 1217 evadat
277 1174 484 1227 ineptius,
515 1181 675 1212 novum
713 1166 869 1209 format
889 1195 900 1215 ,
939 1180 1051 1209 novo
1102 1167 1311 1210 mediante
1352 1173 1485 1224 parie=

96 1239 137 1271 te
154 1230 441 1282 intergerino‚
469 1225 724 1272 thalamum,
745 1235 870 1278 quem
886 1225 1034 1265 ceteris
1052 1221 1193 1267 addit3
1220 1225 1306 1278 qui,
1329 1233 1487 1279 utpote,

95 1285 234 1340 prouti
256 1283 419 1336 reliqui,
437 1283 533 1322 ae're
550 1289 714 1320 tantum
728 1278 930 1332 repletus,
947 1279 1205 1332 gravitatem
1225 1275 1310 1330 ejus
1333 1283 1487 1321 minuit

99 1336 345 1393 specificam,
369 1345 415 1378 ut
430 1336 565 1378 motui
582 1335 628 1375 in
644 1345 749 1388 aqua
761 1359 773 1382 ‚
802 1343 1007 1389 tanquam
1029 1332 1099 1375 suo
1115 1333 1339 1384 elemento,
1357 1335 1489 1378 serve-

99 1404 168 1436 tur
191 1394 339 1447 aptiuS.

281 1525 436 1566 Praeter
453 1520 561 1564 hanc
582 1521 752 1562 unicam
767 1520 933 1562 Nautili
953 1519 1129 1577 speciem
1142 1523 1270 1563 maris
1282 1519 1412 1564 Indici
1430 1523 1491 1563 in·
1504 1515 1645 1552 Nautili

105 1582 261 1628 colam,
276 1579 398 1621 aliam
414 1576 522 1632 apud
541 1575 748 1617 Listerum
768 1577 952 1623 invenio,
968 1579 1157 1616 Nautilum
1179 1576 1334 1619 scilicet
1350 1569 1624 1623 umbili-species

104 1648 224 1677 catum
234 1634 300 1690 (r)
314 1632 486 1680 dictum,
502 1632 573 1686 qui
583 1631 842 1687 potissimum
853 1628 1004 1680 differt,
1017 1631 1127 1687 quod
1138 1634 1334 1687 utrinque
1345 1633 1389 1673 in
1398 1644 1492 1673 cen·
1502 1633 1600 1677 ΨΜ-

103 1701 175 1733 tro
202 1690 312 1744 quafi
338 1687 582 1730 umbilicum
615 1696 867 1728 excavatum
901 1688 942 1727 δι
971 1689 1016 1728 in
1042 1700 1092 1728 eo
1117 1687 1286 1730 latentis
1316 1688 1489 1728 internae

106 1747 223 1801 spirae
243 1744 443 1786 indicium
467 1741 674 1784 exhibeat.
731 1738 865 1793 Hujus
875 1752 920 1783 ut
938 1739 1152 1785 rariffimae
1170 1743 1317 1798 speciei
1336 1754 1498 1797 quoque

108 1802 306 1842 meminit
316 1797 571 1841 Clariffimus
580 1800 755 1836 Antonius
774 1796 816 1835 de
823 1798 955 1851 Juffieu
972 1799 1017 1839 in
1034 1799 1215 1854 eleganti
1225 1797 1293 1839 suo
1311 1798 1352 1836 de
1362 1801 1500 1850 origine

107 1856 158 1897 Ἐἴ
166 1856 392 1909 formatione
400 1852 558 1907 lapidum
574 1857 752 1891 Cornuum
760 1857 940 1892 Ammomk
959 1851 1139 1893 diciorum
1155 1852 1412 1893 schediasmate
1429 1852 1502 1905 (s).

803 1906 840 1947 C
1347 1905 1499 1947 Listeri

161 2010 228 2058 (r)
281 2008 370 2046 Hist.
388 2008 535 2046 conch.
552 2010 593 2046 L.
610 2008 672 2044 lv.
693 2005 789 2044 Sest.
807 2008 873 2045 IV.
892 2008 927 2045 F.
942 2019 978 2053 4.

164 2060 230 2111 (s)
282 2057 676 2157 Qyfiodzgzstagcdfgsss
685 2058 853 2092 Memoires
863 2057 900 2094 de
913 2057 1107 2095 racademie
1117 2060 1228 2107 Royaele
1242 2058 1280 2094 de
1291 2061 1380 2096 Paris
1400 2064 1506 2102 1722·
