1864 2703
324 220 367 260 28
692 208 1068 252 DISSERTATIO
1109 208 1182 250 PH
1188 208 1351 249 YSICA

328 298 495 341 obscura
520 299 544 339 {Z
571 298 788 340 obliterata
812 305 1044 350 apparent3
1075 295 1188 337 basm
1215 308 1379 350 quoque
1405 297 1472 335 hic
1495 295 1701 338 abscissam
1718 324 1730 344 ‚

330 367 420 408 quae
447 352 579 395 adhuc
607 354 775 406 longius
802 351 881 392 fuit
907 351 1110 406 protensa.
1169 353 1237 391 An
1259 365 1360 393 vero
1384 352 1567 392 extimus
1597 349 1727 392 thala-

331 422 423 450 mus
441 418 600 451 ceteros
617 406 892 464 amplitudine
916 407 1093 448 multum
1116 407 1390 460 superaverit,
1417 407 1521 447 utin
1542 407 1727 462 Nauplio

333 469 374 507 δε
394 477 483 506 mea
507 463 794 506 Orthoceratis
819 463 946 519 specie
975 463 1108 515 prima
1127 490 1138 510 ,
1167 474 1242 503 nec
1269 464 1353 508 ne?
1384 464 1547 517 ignoro.
1606 462 1673 503 Ab
1691 462 1726 502 b.

332 520 381 561 ad
405 523 432 560 i.
451 520 550 561 testa
573 521 759 565 interiit,
783 522 951 571 eiusqve
975 520 1114 559 locum
1141 518 1324 572 explevit
1341 518 1506 566 saxum,
1533 516 1643 572 quod
1665 527 1727 558 ta-

333 588 431 617 men
447 589 472 616 a
492 577 589 617 saxo
604 574 813 617 ambiente
831 572 1022 616 distinctu
1046 572 1166 614 facile
1185 573 1253 615 est.

484 645 526 685 Si
545 642 728 689 accidat,
747 652 791 683 ut
807 641 927 683 seffio
946 642 1124 683 Lituitae
1143 638 1264 681 huius
1281 652 1405 681 axem
1433 651 1518 680 non
1539 639 1730 686 transeat,

334 698 399 740 sed
425 698 593 753 obliqua
619 699 680 746 fit,
710 701 768 739 ita
790 709 835 738 ut
864 699 961 752 gyri
986 696 1206 738 interiores
1233 697 1347 751 spirae
1368 708 1454 737 non
1475 704 1727 750 appareant3

333 753 455 796 facile
470 756 689 809 imponere
703 753 835 810 potest
852 754 1046 799 alicui‚ut
1060 763 1138 807 pro
1149 753 1250 805 apice
1264 752 1393 801 inflexo
1402 749 1615 792 habeatur.

108 917 322 955 litatusiure
526 913 730 957 Conferat
752 917 839 956 iam
851 916 894 955 B.
913 916 963 955 L.
982 927 1072 969 quae
1097 913 1222 956 modo
1240 913 1289 956 de
1311 916 1471 957 Lituita
1490 914 1598 957 dicia
1618 917 1724 964 sunt,

108 969 306 1018 Polytbalar
336 985 434 1016 cum
461 984 551 1013 mea
571 969 842 1025 descriptione
866 972 1107 1012 Ammoniae
1133 971 1200 1026 (ᾗ.
1217 972 1310 1025 43.)
1337 973 1377 1012 δε
1403 975 1546 1025 Fzguris
1569 980 1652 1016 ΒΛ).
1675 985 1723 1011 10.

107 1029 261 1064 miorum
340 1028 419 1069 Tab.
439 1034 483 1069 Π.
502 1028 701 1080 omnique
723 1027 909 1082 partium
928 1024 1059 1066 studio
1085 1027 1270 1079 sepofitm
1286 1025 1458 1067 candide
1475 1025 1651 1074 decidat,
1671 1038 1725 1066 an

108 1079 214 1130 claffi
232 1078 324 1126 ‘'nli'-
338 1082 489 1125 reffius
508 1096 531 1123 a
550 1094 619 1123 me
636 1080 917 1133 Conchylium
937 1080 1015 1121 hoc
1039 1093 1143 1122 meae
1162 1080 1564 1133 Polychalamiorum
1584 1080 1724 1128 Claffi,

109 1132 252 1175 rendm.
337 1151 450 1180 novo
467 1139 584 1179 Litui
611 1138 806 1182 nomine,
835 1138 1026 1191 proxime
1050 1137 1099 1177 ab
1122 1138 1371 1183 Ammonia,
1400 1150 1421 1178 a
1453 1150 1533 1192 qua
1559 1145 1724 1178 tantum

335 1191 486 1240 differt,
502 1190 613 1246 quod
639 1206 661 1234 a
686 1191 765 1233 basi
784 1194 827 1231 in
852 1192 1007 1233 lineam
1025 1191 1181 1233 rectam
1206 1190 1466 1240 extendatur,
1483 1204 1721 1247 antequam,

335 1259 382 1291 ut
398 1248 630 1290 Ammonia
652 1249 695 1288 in
712 1247 861 1302 spiram
892 1247 1171 1294 convolvitur,
1189 1248 1421 1292 inseratur3
1468 1261 1521 1288 an
1539 1261 1658 1294 vem,
1679 1256 1724 1288 ut

336 1316 467 1358 nuper
486 1300 760 1345 Nobiliffimo
778 1303 885 1344 Viro
906 1300 1074 1343 cuidam
1094 1303 1270 1357 placuit,
1300 1304 1408 1343 inter
1428 1301 1617 1343 Tubulos
1635 1315 1724 1344 ma-

334 1362 467 1405 rinos,
484 1357 604 1399 titulo
619 1358 775 1399 Tubuli
792 1358 1075 1399 concamerati
1090 1386 1102 1407 ‚
1126 1360 1242 1412 apice
1268 1358 1381 1412 spirae
1402 1358 1526 1399 modo
1552 1360 1725 1406 intorto,

336 1415 475 1469 potius
495 1411 760 1455 referendum
781 1412 839 1454 fit.

777 1531 1103 1584 CAPUT
1192 1537 1286 1585 Vi

409 1628 511 1693 De
534 1625 1041 1691 Orthoceratibus
1067 1623 1136 1689 ὃ(
1167 1626 1651 1696 Orthoeeratitis.

970 1729 1005 1784 ᾗ·
1034 1742 1088 1780 55-

114 1827 326 1893 orghocem
485 1827 843 1871 -RTHOCERAS
868 1825 925 1868 est
952 1812 1376 1886 Polythalczmium
1389 1820 1442 1877 in
1456 1820 1639 1882 lineam
1652 1847 1721 1886 re.

112 1882 213 1939 ΨΜ·
538 1893 697 1968 Ham,
725 1897 823 1956 vel
838 1904 1076 1981 proxime
1107 1900 1182 1961 ad
1202 1899 1385 1962 reblam
1423 1904 1719 1973 accedentem

338 1982 611 2062 extensttm.

490 2091 713 2133 Nimirum
739 2089 790 2133 ab
818 2090 1043 2134 Ammonia
1071 2105 1157 2138 non
1184 2093 1258 2138 nisi
1290 2093 1535 2142 restitudine
1559 2098 1721 2146 differt:

1648 2158 1721 2201 illa
