1864 2703
139 2044 185 2082 Γ..
202 2047 337 2081 Genus.

368 202 418 237 60
889 198 1245 240 SCHEDIASMA

583 286 711 335 Fig.s.
744 283 909 320 L-‘msdem
937 282 1049 335 ἁψὶς
1077 283 1137 321 ubi
1167 288 1239 321 ori!
1266 293 1434 334 apertum
1452 297 1557 336 prope
1583 295 1757 331 centrum,

748 341 812 375 ani
830 352 917 376 vero
936 341 974 374 in
993 342 1166 392 margine.
1224 340 1445 380 Nimirum
1466 341 1506 378 in
1529 339 1604 378 1102:
1619 340 1755 380 Gene-

748 406 793 433 re
822 403 1015 446 apertura
1041 407 1118 448 prov
1142 407 1221 434 ano
1244 394 1488 448 plerumque
1513 396 1568 433 ita
1594 395 1663 434 lita
1683 394 1754 442 est,

744 459 791 489 ut
810 461 830 488 a
845 451 996 489 vertice
1008 461 1122 502 aeque
1139 463 1186 491 ac
1200 449 1276 490 basi
1300 450 1478 502 conspici
1498 450 1644 504 possim
1681 462 1757 490 un-

750 502 798 543 de
816 512 930 544 tanto
952 506 1083 558 magis
1097 509 1238 552 miror,
1252 518 1344 546 eam
1355 504 1751 560 Woodwardoprae-

751 559 945 599 tervisam
970 557 1096 602 fuisse.

498 624 562 668 Ad
588 622 894 666 Echinanthum
921 636 1048 678 porro
1072 626 1307 678 pertinent:
1337 636 1388 664 ex
1411 624 1549 664 Museo
1576 622 1752 665 Amboi-

368 684 463 725 nico
485 682 593 724 Tab.
617 682 735 723 XIV.
755 683 837 721 No.
860 693 890 731 3.
915 681 986 733 qui
1007 691 1122 719 meus
1139 680 1195 721 est
1225 678 1419 722 Tab.1v.
1439 681 1530 733 Fig.
1551 692 1565 718 1
1597 679 1636 719 &
1659 694 1689 717 2.
1711 682 1752 722 &

365 742 458 793 Fig.
477 739 525 779 C.
542 738 612 791 qui
630 735 741 776 idem
759 747 855 777 cum
876 747 969 776 meo
989 733 1106 775 foffili
1129 737 1259 777 T.IV.
1280 737 1369 789 Fig.
1391 748 1418 785 3.
1440 732 1621 788 expresso
1638 735 1751 774 vide—

368 804 449 841 tur,
467 808 491 834 a
509 807 592 847 quo
609 800 773 832 tantum
794 791 938 845 petalis
947 789 1064 831 floris
1077 790 1359 837 obtufioribus‚
1379 789 1487 844 quod
1502 789 1609 830 forte
1625 789 1753 831 solum

367 852 546 893 varietas
568 848 638 895 est,
658 844 806 888 differt.

499 907 562 945 Ex
580 906 630 944 A.
650 904 778 943 Scillae
797 905 845 943 L.
866 904 939 945 cit.
956 901 1062 943 Tab.
1078 902 1177 946 vm.
1197 903 1290 956 Fig.
1307 916 1334 943 1.
1353 914 1384 941 2.
1402 914 1432 952 3.
1458 902 1511 942 T.
1533 901 1589 942 X.
1607 901 1697 954 Fig.
1716 913 1746 943 2.

365 973 396 1013 3.
429 960 569 1004 T.X1.
593 960 646 999 A.
667 960 759 1013 Fig.
780 971 810 1008 3.

500 1017 701 1056 Praeterea
752 1015 792 1053 ὅ(
832 1013 998 1068 elegans
1043 1012 1111 1053 illa
1158 1012 1307 1067 species
1326 1040 1338 1059 ‚
1384 1025 1472 1065 quae
1513 1011 1562 1052 ab
1607 1011 1750 1054 illustri

367 1070 515 1115 Sloane
530 1068 747 1110 exhibetur
762 1072 922 1107 Natural
937 1069 1072 1119 Hssory
1090 1070 1305 1120 oflamaz'ca
1328 1069 1420 1110 Vol.
1450 1069 1495 1107 [I.
1515 1069 1568 1108 T.
1597 1079 1677 1116 242.
1702 1070 1747 1108 F.

365 1129 543 1166 6—11.
558 1127 696 1178 &quae
708 1125 899 1179 proxime
912 1122 960 1164 ad
979 1124 1085 1164 hanc
1099 1122 1291 1164 accedere
1307 1121 1469 1163 videtur
1489 1124 1649 1163 marino
1667 1133 1746 1163 ter—

363 1182 502 1223 restris
524 1179 574 1221 ab
591 1182 642 1221 A.
662 1180 781 1221 Scilla
803 1180 870 1219 lib.
893 1181 962 1221 cit.
976 1177 1082 1220 Tab.
1102 1180 1174 1219 IX.
1190 1180 1281 1232 Fig.
1300 1192 1314 1217 1
1347 1179 1386 1218 &
1406 1190 1441 1219 2.
1458 1176 1528 1218 ubi
1546 1179 1671 1218 eti-arn
1690 1178 1745 1219 al-

365 1248 455 1278 tera
480 1244 673 1290 apertura
702 1237 743 1275 in
767 1236 956 1288 margine
972 1261 984 1280 ‚
1007 1244 1151 1275 contra
1172 1232 1506 1277 Woodwardum
1525 1233 1744 1288 conspicua

362 1291 434 1333 est.
493 1294 642 1345 Neque
659 1291 710 1331 ab
728 1288 804 1330 hac
822 1288 985 1331 differre
1007 1297 1108 1344 puro
1131 1302 1256 1344 quarn
1281 1289 1482 1331 Linckius
1499 1288 1641 1342 saepius
1660 1290 1745 1329 lau-

364 1347 507 1394 datus,
532 1348 648 1387 inte-r
671 1346 773 1386 alios
796 1344 978 1387 Echinos
1006 1343 1110 1385 mihi
1134 1344 1185 1385 ad
1209 1344 1574 1399 perlustrati-onem
1605 1343 1744 1387 miflt3

361 1414 453 1456 quae
479 1401 622 1442 dentes
650 1400 772 1442 habet
797 1399 916 1442 valde
941 1401 1202 1454 conspicuos,
1229 1399 1294 1440 sed
1319 1398 1514 1440 struerura
1544 1396 1594 1438 ab
1617 1397 1741 1439 Echi-

362 1466 563 1505 nometrae
603 1454 795 1498 dentibus
830 1455 1020 1497 diversos.
1107 1457 1238 1496 Porro
1273 1468 1369 1495 cum
1400 1452 1744 1506 elegantiffimum

362 1512 441 1553 hoc
463 1512 673 1566 specim-en
702 1513 744 1550 in
770 1512 918 1552 itinere
943 1510 1109 1551 adversa
1135 1508 1325 1556 fortuna,
1356 1508 1464 1563 quod
1483 1508 1742 1564 summopere

362 1565 567 1613 dolebam,
593 1564 852 1608 confi-astum
869 1576 975 1612 erar,
997 1578 1051 1606 ex
1074 1563 1153 1605 hoc
1175 1564 1410 1605 infortunio
1435 1574 1529 1605 nata
1553 1564 1608 1605 est
1636 1563 1739 1604 mihi

359 1622 533 1670 occasio,
546 1623 755 1665 internam
767 1620 900 1662 Testae
918 1620 1068 1662 faci-em
1086 1618 1379 1661 examinandi:
1411 1620 1480 1662 ubi
1499 1620 1542 1659 in
1559 1621 1740 1661 cavitate

360 1677 487 1724 testae,
501 1676 635 1718 trabes
652 1675 760 1730 quafi
779 1676 934 1729 aliquot
950 1678 1097 1716 inveni
1114 1675 1321 1720 testaceas‚
1339 1678 1446 1715 inter
1464 1675 1594 1728 petala
1610 1674 1739 1722 floris,

361 1732 550 1787 superius.
569 1730 773 1787 descripti,
790 1731 1183 1786 perpendiculariter
1199 1729 1364 1772 emeras,
1387 1743 1438 1770 ex
1457 1729 1536 1786 ipsa
1554 1729 1650 1771 testa
1669 1743 1740 1770 na·

362 1798 424 1828 tas
442 1800 459 1831 3<
485 1800 575 1842 quae
604 1800 626 1827 e
650 1786 802 1840 duplici
821 1786 1006 1828 constare
1021 1785 1185 1827 videtur
1201 1786 1381 1833 lamella,
1398 1798 1571 1840 quarum
1592 1787 1738 1826 interi-

356 1855 406 1884 or
423 1841 688 1883 foraminulis
706 1843 804 1883 hinc
819 1839 913 1883 inde
929 1840 1164 1883 inordinate
1183 1842 1322 1897 pofitis
1345 1839 1600 1897 perforatur,
1625 1841 1735 1883 inter

356 1896 493 1940 media
521 1897 631 1953 quasi
654 1896 807 1953 diploe.

1015 2001 1029 2011 .
1057 1970 1095 2009 6.

567 1969 1089 2081 EcfflNOSPATAgUS
1119 2036 1175 2080 est
1188 2021 1419 2095 lichiam,
1436 2030 1571 2085 cuius
1586 2036 1730 2106 aper-

1611 2127 1733 2171 tura
