1864 2703
548 190 622 231 DE
651 188 1141 231 POLYTHALAMIIS.
1489 202 1514 238 9

114 279 167 322 da
186 280 343 321 titulis:
381 281 442 320 uti
466 291 518 320 ex
539 276 843 319 Schediasmate
862 288 956 317 meo
983 275 1033 316 de
1057 275 1233 319 Echinis
1250 279 1295 318 in
1313 278 1426 320 calce
1449 291 1511 320 re—

111 334 315 391 periundo
334 333 503 388 patebit.

222 388 403 431 Echinus
423 399 580 430 tantam
602 384 725 428 habet
740 399 836 428 cum
857 387 1010 428 ceteris
1023 385 1508 436 Testaceisaffinitatem‚

113 455 160 488 ut
175 446 268 486 satis
283 445 426 486 mirari
444 455 646 498 nequeam
663 471 674 489 ,
699 441 814 484 fuisse
832 443 956 484 Viros
974 439 1230 483 Clariffimos
1247 469 1260 490 ‚
1292 444 1362 495 qui
1381 456 1449 484 eos
1460 443 1510 485 ad

114 500 335 542 Crustacea
348 497 492 540 reduci
511 497 682 545 debere,
699 498 823 539 satius
839 495 1048 538 duxerunt
1059 523 1071 544 ‚
1092 509 1188 538 cum
1206 505 1345 538 tamen
1363 497 1414 540 ab
1437 501 1507 547 iis,

146 554 249 596 uoad
269 555 412 595 omnia
431 554 476 594 iu
491 553 741 594 immensum
758 550 1021 593 abhorreant.
1080 551 1204 605 Qod
1223 564 1405 606 nuperus
1424 556 1509 595 Au-

114 569 205 652 {³101-
217 621 317 651 vero
335 606 504 662 quidam
524 606 790 651 Doffiffimus
813 607 945 662 spinas
967 610 1008 649 ὃς
1030 607 1253 649 claviculas
1279 620 1422 648 eorum
1434 621 1510 662 pro

117 663 292 722 pedibus
311 663 523 712 habuerit,
551 663 730 718 hincque
749 662 983 704 Crustaceis
1004 660 1256 710 inserendos,
1285 663 1510 713 censuerit,

117 731 318 777 perquam
337 720 565 776 improprie
580 717 737 760 facium
753 716 868 760 fuisse
884 727 1056 760 autumo
1074 730 1088 763 3
1115 725 1161 758 ut
1178 718 1326 772 cuique
1344 715 1431 759 haec
1447 720 1511 760 in-

120 777 264 818 timius
280 776 539 816 examinanti
556 772 724 828 patebit.
1376 802 1378 807 ψ

226 829 348 882 Qod
360 828 568 871 Echinum
580 828 629 871 ad
648 828 894 885 compofitas
907 827 1009 870 mihi
1021 826 1147 870 dicias
1156 826 1302 870 Testas
1317 827 1511 876 referam,

116 898 207 928 non
229 895 396 942 propter
412 884 554 926 dentes
570 914 581 932 ,
619 885 766 940 quibus
785 882 973 938 quaedam
993 883 1140 938 species
1156 881 1359 924 instruc’cae
1377 883 1512 926 obstr-

121 952 293 988 vantur,
315 941 379 982 vel
399 939 560 982 aculeos
577 938 623 981 fit
640 968 651 987 ,
674 937 737 980 sed
756 941 850 994 quia
868 939 991 980 Testa
1007 947 1200 982 accurate
1213 938 1450 980 examinata
1462 950 1515 980 ex

122 997 250 1038 variis
279 994 455 1042 tessellis,
472 995 553 1037 five
574 995 730 1037 testulis
751 993 1053 1049 elegantiffimo
1069 992 1214 1034 ordine
1231 994 1374 1035 locatis
1390 996 1431 1035 δε
1453 993 1514 1035 su-

122 1053 229 1093 turis
245 1049 577 1092 artificiosissime
594 1051 703 1092 inter
715 1050 752 1092 se
772 1051 985 1098 connexis,
1009 1047 1512 1105 quamvis-immobilibus,

123 1106 350 1161 composita
373 1115 555 1161 apparet.
683 1109 692 1120 ¹

767 1161 803 1212 §.
848 1172 900 1209 19.

313 1226 416 1266 Non
436 1236 536 1265 vero
559 1223 664 1264 mihi
689 1221 738 1264 de
762 1222 956 1265 omnibus
972 1224 1012 1264 δε
1035 1222 1206 1277 lingulis
1228 1223 1347 1278 supra
1372 1236 1512 1266 recen·
1583 1249 1662 1281 Non
1697 1244 1738 1281 de

126 1281 210 1323 fitis
232 1279 455 1321 Testarum
474 1277 675 1321 Claffibus
697 1290 748 1319 ex
767 1276 940 1332 profeffo
954 1275 1045 1331 jam
1073 1276 1223 1331 agendi
1248 1279 1414 1320 animus
1431 1279 1514 1323 est3
1558 1296 1717 1335 omnibus

127 1335 191 1378 sed
208 1343 372 1376 tantum
389 1361 400 1381 ,
438 1342 482 1373 ut
507 1335 783 1388 nigrumprae
804 1334 841 1374 se
854 1331 935 1373 fert
953 1359 965 1380 ,
1003 1331 1053 1374 de
1079 1334 1285 1376 CLASSE
1315 1335 1369 1374 111
1388 1361 1399 1382 ,
1431 1333 1513 1375 five
1529 1350 1586 1388 hic
1598 1365 1641 1389 ex
1679 1365 1735 1389 ro«

128 1390 178 1432 de
193 1389 663 1432 POLYTHALAMIIS
681 1387 828 1441 quibus
846 1388 1057 1439 sequentia
1076 1389 1209 1441 capita
1226 1386 1365 1430 dicata
1380 1398 1514 1429 erunt.
1517 1406 1614 1456 feffi,
1652 1363 1737 1459 igi,

126 1448 210 1489 His
231 1441 524 1498 subjungentur
547 1442 597 1484 de
626 1442 972 1483 BELEMNITIS
1002 1443 1273 1484 PRUSSICIS
1303 1442 1601 1498 quaedam3tur,

130 1497 380 1555 tandemqve
400 1496 449 1540 de
468 1499 706 1541 ECHINIS.
760 1498 932 1538 Ceteras
943 1495 1093 1538 Claffes
1105 1496 1156 1538 ad
1171 1497 1282 1539 aliud
1300 1500 1515 1540 remittam

130 1568 295 1610 tempus
312 1583 323 1601 ‚
361 1554 388 1594 fi
407 1552 494 1596 haec
515 1566 607 1595 mea
626 1551 676 1595 de
698 1552 907 1594 Testaceis
932 1553 1166 1594 tentamina
1195 1553 1387 1607 Reipubl.
1406 1555 1513 1594 litte-

130 1614 252 1654 rariae
270 1622 354 1651 non
370 1609 488 1663 plane
508 1612 672 1664 ingrata
690 1610 967 1664 cognoverim
987 1609 1027 1649 &
1055 1609 1181 1662 DEus
1201 1609 1335 1651 vitam
1353 1607 1514 1651 mihi&

130 1668 344 1710 sanitatem
364 1665 537 1721 largitus
551 1666 691 1708 fuerit.
871 1671 873 1674 ·

623 1738 1070 1790 CAPuTn.

220 1909 223 1911 Β
293 1899 295 1903 ⁴
337 1822 440 1887 De
481 1820 931 1907 Polythalamiis
956 1820 1018 1884 in
1055 1836 1293 1904 genere,

800 1957 810 1967 .
848 1937 908 1965 20.

136 2001 723 2162 POLYTHALAMHJM
753 1926 811 2050 eft
835 1990 980 2071 Testa
999 1988 1224 2070 tubulcfiz
1241 2037 1261 2070 ,
1291 1986 1518 2072 polytha.
1551 1985 1745 2051 pqzsthm-

1450 2077 1460 2086 .
1532 2055 1645 2081 mmm
1653 2039 1749 2093 quid.

858 2076 913 2134 23
1337 2075 1521 2155 lamm,
