1864 2703
139 230 204 286 nis
221 228 381 285 coliata
402 235 448 284 ὅ(
461 245 716 299 comparata
734 231 933 282 eiusdem
945 231 1109 299 o'rignis
1120 230 1221 291 effe,
1234 249 1391 285 omnes
1405 233 1744 289 ,circumstantia

140 306 372 372 evincunt,
393 317 586 368 quorum
608 316 713 349 vero
730 298 915 367 analoga
935 300 1138 364 specifica
1165 303 1210 348 in
1228 304 1338 351 mari
1357 303 1551 351 necdum
1569 303 1744 351 detecta

141 373 261 422 suntr
279 367 483 433 ad'eoque
497 367 696 416 Historiae
707 369 912 415 animahu
923 384 970 414 rn
980 368 1270 424 marinorum,
1280 368 1599 418 Testaceorum
1612 370 1742 434 inpri-

142 441 225 488 mis
245 434 596 502 iisqueaffinium
608 436 656 497 ὅ(
668 436 966 489 Coranorum,
977 432 1147 502 egregia
1165 435 1356 499 praebere
1378 433 1556 501 poffunt
1574 434 1742 502 supple-

144 521 307 556 menta.
371 506 530 568 Neque
549 503 720 568 aliquid
741 500 895 557 refert,
916 501 946 550 si
971 500 1064 551 haec
1081 517 1196 550 nova
1213 520 1372 570 genera
1393 504 1441 553 ὅ(
1458 502 1633 567 species,
1652 519 1744 550 non

143 569 339 639 'perfecte
360 570 489 625 ade0,
506 576 556 618 ut
574 569 738 617 marina
756 570 922 635 integra
947 571 994 618 ὅ(
1022 585 1113 616 non
1140 571 1333 627 alterata,
1352 569 1537 618 describi
1564 569 1745 635 possint.

144 652 245 689 cum
266 637 551 705 quorundam
570 652 742 684 tantum
763 637 1030 702 reperiantur
1045 633 1303 702 fragmenta,
1324 638 1394 685 vel
1407 635 1437 684 fi
1457 638 1639 704 integra,
1651 635 1742 701 ple*

146 701 336 772 rumque
362 705 530 752 ratione
556 703 746 752 materiae
772 705 820 753 ὅ(
848 704 1008 750 coloris
1032 702 1324 752 diversimode
1351 719 1531 752 mutata.
1611 706 1751 752 ldem‘

144 776 267 824 enim
291 770 456 826 hiofit,
484 771 609 836 quod
638 769 901 819 inHistoria
925 770 1065 819 civili.
1091 772 1215 817 cuius
1247 771 1388 818 hiatus
1418 772 1465 819 ὅ(
1495 772 1658 818 iacunae
1688 786 1744 819 ex

146 839 400 908 fragmentis
423 837 647 885 hincinde
666 828 831 893 obuiis,
860 834 1211 901 inscriptionibus
1237 840 1284 888 ὅ(
1303 838 1510 893 nummis,
1538 836 1744 902 haudjn·

145 907 263 957 felici
281 901 469 956 successu
482 921 571 954 tam
584 905 659 953 diu
670 902 942 970 supplentur,
953 904 1099 952 donec
1109 906 1350 953 accuratior
1365 905 1552 952 narratio
1562 918 1744 970 compa·

147 991 253 1025 reat.
369 984 373 987 “

160 1052 163 1054 ’
343 1039 594 1104 Specimina
615 1037 1040 1103 Supplementorum
1072 1037 1289 1087 eiusmodi
1310 1035 1623 1087 'testaceorum
1644 1051 1746 1103 prae·

150 1106 242 1157 sens
264 1106 370 1154 Tibi
383 1109 433 1154 L.
451 1103 687 1154 B.exhibet
700 1101 951 1152 Dissertatio
969 1120 1073 1152 cum
1092 1106 1270 1153 annexis
1288 1105 1344 1152 de
1358 1106 1607 1154 Belemnitis
1623 1106 1745 1154 Prus-

149 1174 242 1224 ficis
261 1172 728 1222 Commentatiuncula
756 1173 804 1221 δι
825 1171 882 1218 de
903 1170 1073 1219 Echinis
1091 1171 1385 1236 Echinitisque
1403 1171 1745 1226 Schediasmate3

150 1258 249 1307 quae
267 1257 317 1288 ut
337 1239 526 1306 benigne
546 1241 753 1299 accipiaS,
773 1253 1046 1303 erroresque,
1063 1239 1142 1305 qui
1160 1237 1298 1286 forsan
1319 1255 1392 1286 me
1412 1240 1553 1287 invito
1571 1237 1745 1303 irrepse-⁴

150 1324 265 1362 runt,
291 1308 440 1372 prouti
459 1307 678 1354 eiusmodi
708 1306 909 1353 materias
938 1306 1136 1353 traGanti
1157 1303 1282 1355 facile
1308 1309 1562 1373 contingere
1588 1304 1748 1371 potest,

150 1374 378 1424 condones
399 1389 562 1438 meque
575 1372 632 1421 de
648 1373 698 1420 iis
708 1372 851 1420 amice
868 1387 1063 1426 moneas,
1079 1388 1201 1438 rogo.
1269 1373 1419 1428 Ratio,
1431 1372 1554 1438 quod
1563 1370 1748 1437 opuscu-

153 1443 249 1490 lum
268 1439 410 1489 hocce
429 1440 600 1496 tamdiu
622 1437 786 1488 haeserit
802 1437 879 1487 sub
897 1436 1126 1494 manibus,
1144 1440 1224 1486 tria
1242 1440 1360 1487 enim
1382 1440 1470 1487 iam
1496 1436 1586 1487 fere
1606 1437 1749 1504 elapsa

154 1508 250 1558 sunt
268 1506 423 1563 lustra,
440 1522 495 1554 ex
510 1522 604 1572 quo
629 1506 687 1554 de
717 1505 803 1553 hac
824 1506 1004 1554 materia
1029 1505 1195 1571 aliquid
1217 1503 1489 1554 conscribere
1519 1504 1628 1552 mihi
1646 1519 1747 1570 pro·

155 1574 402 1641 posueram,
418 1572 505 1621 est:
526 1571 651 1639 quod
668 1588 693 1620 a
707 1585 910 1636 ternpore
929 1571 1093 1635 potius,
1110 1587 1246 1637 quam
1265 1569 1320 1619 ab
1340 1571 1513 1635 impetu
1534 1570 1651 1620 suam
1677 1589 1746 1620 ex-

153 1641 350 1709 pectavit
366 1641 680 1689 maturitatem.
747 1641 844 1687 Nec
862 1637 959 1686 sane
981 1654 1055 1685 me
1080 1653 1214 1686 morae
1233 1641 1448 1702 poenitet,
1469 1654 1575 1686 cum
1607 1640 1748 1687 multa

156 1710 331 1757 interim
360 1705 673 1774 cognoverim,
703 1721 799 1771 quae
827 1722 903 1753 me
929 1721 1031 1753 ante
1057 1703 1251 1753 latebant
1277 1706 1324 1754 ὅ(
1348 1704 1435 1753 fine
1464 1705 1624 1771 quibus
1656 1706 1748 1755 baec

155 1774 373 1830 Historia,
402 1789 505 1822 utut
526 1773 586 1820 nil
606 1773 777 1827 minus,
806 1788 941 1837 quam
967 1763 1187 1835 perfeOra,
1217 1772 1351 1835 longe
1373 1787 1522 1819 tamen
1549 1772 1750 1823 extitiffet

157 1839 467 1910 imperfectior.
530 1841 604 1889 Tu
620 1843 672 1888 1..
692 1843 739 1891 B.
757 1838 987 1893 conatibus
1006 1838 1121 1888 hisce
1138 1841 1247 1889 meis
1266 1837 1360 1888 fave
1383 1841 1428 1891 ὅ(
1447 1840 1554 1889 vale.
1650 1850 1652 1852 ’

1531 2149 1752 2215 DrssER·
