1864 2703
390 205 438 243 42
742 189 1394 251 coMMENTATnJNCULA

388 266 503 318 rugis
517 263 764 316 quibusdam
779 262 1090 318 multiplicibus,
1104 261 1165 303 sed
1182 263 1423 303 levioribus.
1440 264 1654 318 insignitus
1670 279 1680 310 ;
1711 282 1779 311 ρο-

394 321 496 362 loris
524 318 650 359 instar
670 319 830 358 Succini
849 317 977 370 (unde
989 319 1193 370 Lyncurii
1212 330 1365 358 nomen
1390 318 1456 371 ipfi
1475 317 1581 360 forte
1596 322 1645 363 ab
1669 328 1773 366 anti-

399 376 492 430 quis
515 373 775 427 impositum)
799 374 911 419 flavi,
930 372 1263 425 semipelluccidi‚
1281 373 1501 426 aliquando
1517 373 1778 429 obscurioris,

393 431 528 471 rarius
552 431 674 482 plane
693 431 814 483 opaci
831 428 1075 474 lucescentis,
1092 429 1156 469 vel
1175 427 1403 475 albicantis,
1419 436 1600 483 tuncque
1617 432 1777 489 fragili-

394 499 441 527 or
464 484 521 526 est
547 487 587 524 ὃ(
606 483 713 537 quasi
737 484 974 525 calcinatus.
1036 483 1309 538 Compoffius,
1335 482 1402 523 ubi
1420 482 1642 539 frangitur,
1666 503 1717 532 ex
1731 491 1774 533 fi-

393 542 477 582 bris
495 538 628 587 restis,
649 538 809 592 rigidis,
828 537 1127 594 splendentibus
1145 538 1268 579 instar
1279 538 1405 594 Gypli
1421 538 1565 589 striati,
1586 543 1779 589 radiatim

396 610 417 636 a
442 593 675 650 peripheria
698 593 1013 635 horizontaliter
1033 594 1167 635 versus
1193 606 1315 634 axem
1342 595 1577 638 constanter
1596 601 1635 640 ὃς
1658 614 1780 644 accu—

398 662 485 693 rate
496 649 683 691 extensis,
744 651 788 690 In
800 648 878 689 bafi
892 650 1070 690 cavitate
1080 650 1240 696 conica,
1259 650 1363 689 ultra
1378 649 1560 693 medium
1575 655 1780 699 Belemni-

400 716 464 751 t-ae,
483 704 534 746 ad
554 705 781 752 summum,
800 715 1014 757 nunquam
1039 704 1228 758 protensa
1248 702 1487 753 instructus,
1512 719 1601 761 quae
1620 708 1713 752 dein
1733 715 1778 754 in

400 772 571 804 tenuem
593 757 894 814 fiphunculum‚
911 772 983 813 per
1000 771 1120 799 axem
1140 757 1188 799 ad
1210 760 1372 813 apicem
1391 772 1531 814 usque,
1551 765 1593 804 in
1611 778 1691 820 qua
1711 781 1780 823 pa-

400 816 543 871 pillula
565 813 772 869 perforata
793 813 1055 867 conspicitur,
1074 813 1351 855 transeuntem
1376 818 1650 865 termi11atur;
1689 835 1783 877 quae

402 872 558 911 cavitas
576 871 639 911 vel
658 882 805 916 arena,
832 870 899 909 vel
927 870 1073 910 nucleo
1095 867 1273 922 figuram
1300 870 1491 910 cavitatis
1512 877 1704 918 conicam
1729 879 1782 920 ad

402 924 594 967 amuffim
610 923 827 971 referente,
844 935 895 964 ex
911 925 1101 965 arenario
1117 922 1264 976 lapide,
1281 923 1481 966 ambienti
1493 926 1587 969 saxo
1599 931 1781 984 plerum-

402 994 483 1035 qve
505 979 641 1027 fimili,
659 976 893 1032 coinpac'io,
912 979 1115 1033 repletur,
1136 979 1175 1018 &
1195 981 1485 1032 integumento
1507 984 1697 1035 testaceo,
1719 997 1781 1030 te.

403 1033 620 1080 nuiffimO,
652 1034 744 1074 albo
776 1035 815 1073 ὃ(
842 1034 950 1087 quasi
978 1034 1183 1074 calcinato
1210 1043 1253 1074 ut
1277 1036 1504 1091 plurimum
1532 1040 1780 1086 involvitur,

401 1092 605 1131 Praeterea
626 1090 669 1128 in
689 1087 770 1129 bafi
797 1088 960 1129 videtur
980 1090 1087 1129 rima
1115 1090 1278 1141 pervia,
1298 1087 1404 1129 reeta
1418 1118 1428 1135 ,
1450 1090 1781 1148 longitudinalis‚

403 1144 577 1186 cavitati
592 1145 748 1185 conicae
764 1144 937 1184 internae
955 1141 1158 1195 longitudi
1165 1154 1215 1182 ne
1231 1145 1553 1197 proportionata,
1570 1148 1631 1190 sed
1648 1149 1784 1193 brevi-

401 1212 464 1241 or.
524 1200 677 1239 Praeter
695 1195 800 1238 hanc
817 1198 970 1238 rimam
990 1194 1244 1238 subtilissima
1268 1195 1467 1252 speetatur
1485 1197 1631 1253 fissura,
1651 1209 1784 1260 qualis

403 1256 448 1295 in
472 1253 585 1294 vitro
602 1266 683 1304 prae
707 1252 843 1294 calore
862 1250 959 1298 fisso,
976 1251 1024 1293 ad
1043 1263 1165 1292 axem
1181 1263 1413 1304 penetrans,
1432 1265 1543 1299 nunc
1558 1255 1643 1300 fere
1660 1260 1783 1311 reeta,

408 1320 519 1350 nunc
542 1308 800 1359 irregularis,
824 1306 1048 1348 secundum
1073 1305 1376 1360 longitudinem
1404 1309 1609 1364 integram
1635 1313 1684 1355 ad
1698 1319 1783 1371 api..

410 1375 502 1405 cem
529 1375 658 1417 usque
674 1373 914 1409 excurrens,
936 1362 1131 1414 inprimis
1155 1363 1197 1401 in
1215 1362 1283 1402 illo
1299 1362 1446 1410 latere,
1478 1365 1545 1407 ubi
1562 1371 1699 1421 paries
1727 1383 1785 1412 te-

407 1419 530 1459 nuior
547 1417 604 1459 est
621 1429 632 1461 3
659 1417 902 1472 plerumque
922 1418 1032 1458 enim
1054 1417 1141 1456 axis
1159 1428 1243 1457 non
1266 1415 1407 1457 exacte
1422 1419 1471 1459 in
1483 1432 1626 1463 centro
1645 1422 1784 1474 haeret,

408 1484 541 1527 neque
558 1472 807 1513 Belemnites
830 1472 908 1527 ipse
932 1469 1073 1523 figurae
1100 1469 1276 1525 perfeete
1302 1473 1441 1513 teretis
1457 1473 1533 1522 est,
1555 1476 1619 1519 sed
1637 1491 1786 1533 parum

337 1557 343 1564 ,
409 1539 495 1569 non
526 1538 740 1579 nunquam
772 1525 1006 1581 compreffae
1039 1527 1274 1579 praeprimis
1300 1527 1437 1569 versus
1460 1527 1567 1571 basin
1586 1545 1597 1577 ;
1644 1534 1785 1576 iimilis

408 1593 572 1636 quoque
593 1579 727 1622 fissura
756 1581 999 1635 plerumqve
1023 1581 1067 1621 in
1091 1590 1204 1634 parte
1233 1581 1414 1634 oppolita
1435 1582 1686 1629 observatur.
1742 1592 1785 1632 Si

407 1636 657 1678 Belemnites
678 1648 752 1690 per
771 1648 894 1677 axem
920 1633 1136 1677 secundum
1156 1633 1461 1688 longitudinem
1478 1638 1702 1690 dividatur,
1726 1646 1784 1687 ita

407 1700 453 1732 ut
470 1689 616 1732 divisio
629 1692 784 1731 rimam
803 1690 920 1745 supra
941 1689 1182 1743 descriptam
1198 1700 1398 1744 permeet,
1415 1693 1456 1732 in
1471 1696 1575 1736 rima
1592 1700 1788 1754 utrinque

407 1754 575 1802 apparet
593 1742 794 1799 processus
812 1747 1088 1799 Integumenti
1109 1746 1298 1785 cavitatis
1323 1743 1488 1789 testacei
1510 1751 1606 1800 albi,
1629 1751 1679 1793 ab
1698 1757 1786 1808 api—

410 1813 457 1841 ce
479 1800 576 1842 coni
591 1802 767 1841 internae
790 1801 983 1842 cavitatis
997 1798 1183 1852 oblique,
1207 1799 1255 1840 ad
1275 1804 1582 1847 extremitatem
1604 1809 1722 1848 rimae
1738 1813 1783 1851 jn

410 1853 492 1897 bafi
510 1866 732 1896 excurrens
749 1855 935 1896 &latera
953 1856 1072 1895 rimae
1088 1864 1243 1908 tegens.
1297 1856 1398 1898 Haec
1416 1860 1572 1909 omnia,
1590 1874 1640 1902 ex
1660 1864 1786 1919 Figu-

406 1920 550 1951 ratum
561 1921 660 1952 cum
669 1907 1013 1965 explicationibus
1027 1907 1287 1963 inspeffione,
1304 1910 1482 1955 clariora
1492 1915 1683 1959 evadent.

1019 1972 1056 2027 ᾗ·
1103 1986 1134 2025 3·
1687 2008 1689 2011 ·

195 2040 405 2082 ‘mimum
535 2036 765 2079 Cuiusnam
775 2035 917 2093 figurae
931 2034 1057 2079 fuerit
1065 2049 1153 2090 pars
1166 2040 1331 2078 animala}
1345 2043 1460 2081 mollis
1469 2070 1481 2091 ,
1497 2055 1589 2097 qvae
1602 2045 1705 2088 olim
1717 2047 1790 2091 cal

192 2097 236 2136 de
283 2092 586 2149 tgnotovitatem
603 2092 797 2133 conicam
815 2092 1054 2134 Beiemnitae
1072 2094 1318 2146 occupavit,
1342 2107 1423 2144 me,
1443 2099 1540 2151 qvia
1561 2111 1638 2141 nec
1654 2113 1678 2142 a
1698 2115 1786 2153 me,

191 2151 355 2192 minuati.
401 2158 479 2189 nec
495 2145 548 2189 ab
570 2145 655 2189 ullo
669 2147 927 2198 mortalium,
936 2144 1048 2202 qvod
1057 2145 1252 2203 eqvidem
1262 2147 1357 2199 scio,
1367 2162 1553 2207 unqvam
1563 2154 1710 2205 visum,
1727 2158 1785 2200 sa-

999 2238 1002 2241 *
1727 2225 1780 2255 ne
