1864 2703
340 221 391 258 24
709 205 1083 248 DISSERTATIO
1123 203 1365 247 PHYSICA

345 275 1447 288 -——-—-——————-———.„..-..-—-

509 316 626 399 muff
647 303 838 359 repletis,
864 302 999 343 rarius
1029 303 1170 344 vacuis
1193 303 1232 342 δε
1258 302 1391 343 fluore
1413 303 1652 356 crystallino
1675 304 1740 346 in-

510 372 581 400 cru
621 360 711 399 atis.
871 365 875 369 '

400 416 463 471 (2)
491 412 829 467 Diaphragmasibus
862 410 993 454 'didios
1035 410 1240 453 thalamos
1275 410 1625 460 efformantibus,
1672 413 1740 455 vel

513 480 658 509 eorum
685 467 883 522 vestigiis.

401 527 467 580 (3)
491 523 698 576 siphunculo
722 521 1041 577 diaphragmata
1057 523 1097 563 &
1116 519 1321 564 thalamos
1340 522 1587 569 transeunte,
1607 522 1672 564 vel
1689 520 1743 564 ad

511 579 736 618 minimum
757 579 844 619 eius
862 577 1046 632 vestigio.
1103 578 1157 617 Et
1171 580 1364 632 quamvis
1380 576 1448 618 hic
1464 575 1743 631 fiphunculus,

517 631 627 689 quod
659 631 814 680 fateor,
842 634 886 672 in
911 633 1167 674 Ammonitis
1200 646 1294 674 raro
1320 635 1481 687 integer
1519 643 1738 687 appareat,

509 687 619 744 quod
638 689 781 742 procui
803 686 928 728 dubio
955 697 1124 742 propter
1142 687 1408 730 subtilitatem
1436 690 1476 729 ὃς
1496 686 1744 728 teneritudi-

509 755 607 786 nem
628 744 742 790 eius,
777 741 885 784 unde
912 741 1035 784 facile
1072 740 1310 789 destruitur,
1334 741 1504 790 accidit,
1539 752 1681 783 tamen
1699 743 1745 783 in

518 797 714 841 omnibus
730 797 907 839 eundem
924 798 1006 839 five
1022 796 1259 846 testaceum,
1276 797 1358 840 five
1378 796 1745 840 membranaceum

521 851 653 909 (quod
678 851 784 894 forte
812 855 856 893 in
882 852 1128 906 quibusdam
1154 853 1341 904 obtinet)
1374 852 1553 901 extitisse>
1575 851 1746 907 vestigia

520 911 560 950 ἃ
576 909 767 961 analogia
787 907 963 949 suadent.

358 984 425 1024 111.
458 980 636 1032 festarum
660 980 838 1032 reliquiis,
864 992 954 1032 quae
980 981 1023 1020 in
1050 977 1294 1033 quibusdam
1319 982 1579 1022 Ammonitis
1613 978 1748 1022 adhue

473 1035 724 1090 superstites,
746 1032 913 1074 diversae
946 1033 996 1074 ab
1022 1034 1177 1075 incluso
1195 1034 1330 1089 lapide
1354 1036 1610 1079 substantiae3
1640 1037 1685 1078 in
1707 1049 1750 1076 a·

471 1091 537 1132 liis
559 1103 660 1132 vero
680 1090 725 1128 in
748 1089 990 1130 mineralem
1010 1097 1296 1131 transmutatae
1313 1091 1594 1134 observantur.

994 1187 1030 1236 §.
1077 1187 1143 1235 46.

138 1271 207 1304 Cur
236 1262 277 1301 de
310 1263 353 1299 iis
581 1261 692 1302 Cum
715 1270 856 1301 autem
879 1259 928 1301 de
948 1261 1233 1307 Ammonitis‚
1249 1260 1332 1303 five
1351 1261 1560 1304 Cornibus
1577 1264 1756 1307 Ammo-

139 1321 195 1358 hic
206 1332 275 1358 non
282 1318 354 1369 fu·
371 1322 438 1363 nis
456 1317 583 1372 vulgo
600 1313 720 1357 dietis
740 1316 859 1357 multi
875 1314 1098 1357 Clarisfimi
1117 1317 1212 1359 Viri
1229 1329 1334 1370 quos
1346 1318 1453 1358 inter
1471 1318 1659 1360 eminent
1673 1326 1759 1365 Car..

129 1376 207 1428 stus
271 1384 357 1426 aga·
372 1379 454 1416 Nic,
483 1375 637 1426 Langius
665 1368 735 1423 (h)
754 1397 765 1417 ‚
817 1376 877 1424 Jo.
907 1377 991 1423 Jac.
1021 1370 1282 1409 Scheuchzerus
1311 1372 1408 1424 (i),
1463 1377 1525 1424 Jo.
1552 1372 1753 1413 Woodwar-

142 1441 216 1470 tur.

370 1431 439 1469 dus
473 1428 544 1482 (k)
601 1424 647 1464 ef
664 1433 750 1465 Ant.
767 1424 808 1463 de
824 1426 956 1478 Juffieu
986 1424 1060 1478 (1)
1110 1426 1225 1465 varia
1247 1436 1392 1467 notatu
1408 1425 1644 1479 digniffima
1669 1441 1757 1471 me-

374 1486 520 1526 moriae
539 1478 799 1527 tradiderint,
820 1492 1100 1534 magnumque
1117 1492 1262 1520 eorum
1290 1493 1514 1523 numerum
1530 1483 1576 1522 in
1589 1482 1758 1527 ordines

340 1546 343 1552 “
374 1538 638 1581 distributum
652 1535 930 1576 recensuerint
946 1548 957 1580 ;
985 1537 1028 1575 in
1046 1534 1356 1589 praesentiarurn
1365 1536 1490 1579 fufius
1505 1536 1555 1578 de
1570 1538 1620 1578 iis
1634 1552 1762 1593 agen-

375 1596 419 1636 di
442 1591 547 1634 mihi
570 1602 656 1631 non
679 1590 736 1631 est
765 1591 943 1631 animus.
1009 1591 1188 1643 Propero
1213 1592 1351 1645 potius
1375 1590 1425 1633 ad
1448 1594 1613 1634 Genera
1637 1595 1762 1649 Poly.

378 1648 674 1693 thalamiorum
693 1646 830 1687 minus
845 1643 1040 1687 haetenus
1054 1645 1239 1699 cognita,
1257 1657 1346 1699 quae
1363 1646 1527 1689 restant.

1573 1787 1783 1839 CAPUT

437 1957 498 2006 (h)
533 1955 625 1995 Hist.
645 1953 774 2005 Lapid.
797 1951 907 2003 figur.
933 1953 1119 1992 Helvetiae.

434 2017 495 2064 (i)
547 2017 591 2053 In
617 2016 746 2053 Museo
770 2013 955 2052 Diluvian.
981 2014 1016 2052 &
1039 2012 1307 2064 Orye'tograph.
1328 2014 1477 2052 Helvet.

435 2077 489 2125 (k)
536 2081 571 2110 In
586 2077 638 2111 the
654 2078 836 2124 catalogues
851 2079 890 2123 of
901 2076 1054 2123 Engeliftb
1079 2076 1145 2111 and
1164 2079 1306 2122 Forreign
1324 2076 1436 2120 Fogssls.

436 2138 498 2186 (1)
537 2137 625 2174 Loc.
653 2135 714 2174 cit.
