1864 2703
534 155 610 200 DE
633 156 1123 203 POLYTHALAMIIS.
1489 179 1526 209 n

284 253 378 293 Nec
401 251 506 291 vitio
528 249 630 292 mihi
650 253 758 293 verti
775 254 943 305 poterit,
965 265 1031 294 me
1050 253 1117 297 hic
1132 263 1448 315 praeterfigumm
1464 279 1528 302 ex-

129 316 297 353 ternam,
323 306 375 343 ad
385 307 567 344 internam
590 318 754 359 quoqu-e
783 307 827 346 in
854 307 1068 349 condenda
1089 308 1165 352 hac
1183 317 1303 356 tert-ia
1320 315 1439 358 classe
1458 330 1524 359 re·

129 373 296 403 currere
315 358 755 411 Testarumfabricarm
788 372 885 401 cum
901 374 948 403 ea
967 362 1067 404 adeo
1083 366 1128 408 in
1146 370 1292 408 Nautilo
1314 371 1432 413 Serra
1449 373 1522 414 sci-

129 416 228 458 licet
244 413 395 460 diviso,
423 416 468 462 in
485 416 673 452 Ammonia
698 427 799 455 vero
822 414 954 459 adhuc
973 416 1157 467 facilius,
1174 422 1237 463 vel
1258 424 1434 479 integro,
1454 429 1519 469 vel

128 471 212 512 levi
233 464 638 510 Minerva-*diffradto
661 469 704 509 in
722 470 861 511 oculos
882 472 1069 513 incurrat
1093 475 1133 516 &
1160 476 1280 528 plane
1302 478 1518 533 singularis

127 525 188 572 fir,
211 532 254 565 ut
270 524 306 563 se
322 521 460 563 statim
479 535 501 562 a
520 523 667 564 ceteris
683 524 882 567 Clasfibus
899 525 1115 581 &quidem
1131 529 1518 585 insigniadmodum

127 576 364 620 clim-adiere
398 575 636 630 distinguat.
694 579 895 621 Praeterea
930 594 1008 635 ego
1043 584 1088 623 in
1117 585 1198 625 rite
1233 588 1517 631 constituenda

128 632 352 675 Testarum
372 630 585 680 Methodo,
607 634 851 685 inspecffionem
865 638 1012 674 internae
1022 635 1179 687 fabricae
1195 643 1379 693 aequefere
1391 657 1509 682 necesa

115 690 261 741 stiriam
277 686 384 734 duco,
402 702 443 724 ac
459 696 611 724 externe
616 687 742 740 figure
757 704 770 733 ‚-
815 687 922 730 unde
947 703 1073 731 unam
1098 691 1323 737 alteramve
1336 696 1516 753 speciem

125 756 178 785 ex
203 743 322 784 omni
350 753 503 793 genere
525 740 633 782 serra
665 739 933 785 dividendam
961 745 1132 793 vellem,
1163 748 1271 800 quod
1300 762 1384 792 non
1411 750 1516 792 adeo

125 796 295 839 difficile
310 795 397 845 else,
419 806 463 837 ut
484 795 654 851 quidam
679 796 752 838 fibi
774 799 947 854 aliisqve
962 798 1199 855 persuadere
1217 814 1437 855 conantur,
1449 807 1515 847 vel

126 854 178 900 ei,
201 854 270 909 qui
289 851 524 907 periculum
546 849 706 899 fecerit,
728 853 899 907 patebit.

751 947 788 1003 ς.
820 962 880 993 21.

339 1030 382 1071 Si
399 1029 484 1070 iam
503 1036 712 1085 quaeratur
726 1030 771 1070 in
792 1042 916 1083 quem
934 1042 1031 1072 nam
1049 1031 1167 1074 usum
1182 1033 1350 1089 elegans
1364 1032 1453 1078 haec
1471 1038 1589 1079 &Cui
1623 1045 1714 1095 usia.

126 1085 330 1131 mirabilis
347 1083 752 1139 Polychalamiorum
773 1083 930 1126 fabrica
948 1098 972 1127 a
988 1086 1293 1139 Sapientissimo
1309 1089 1511 1134 creatore
1523 1097 1700 1138 mirabilia·

124 1143 292 1188 condita
318 1140 386 1188 fit,
410 1151 508 1181 cum
530 1139 709 1187 animal,
740 1139 822 1180 five
845 1141 984 1192 potius
1011 1143 1098 1181 eius
1111 1154 1206 1194 pars
1230 1142 1379 1190 mollis
1403 1148 1508 1187 exti-
1519 1151 1594 1200 ejus
1605 1152 1731 1201 fabri.

125 1211 243 1241 mum
260 1196 348 1237 eius
365 1203 526 1235 tantum
549 1203 722 1248 occupet
742 1192 997 1242 thalamum,
1015 1197 1163 1236 ceteris
1184 1198 1282 1237 ae're
1298 1197 1427 1240 solum
1445 1213 1508 1242 re·
1519 1218 1562 1241 ca
1583 1207 1731 1258 inservi.

123 1254 246 1310 pletis
263 1251 281 1291 3
309 1247 553 1303 Respondeo
570 1263 580 1288 :
610 1249 722 1291 Vero
739 1248 998 1305 summopere
1020 1247 1095 1291 effe
1113 1249 1254 1298 fimile,
1270 1252 1428 1294 animal
1447 1257 1509 1296 vi-
1520 1268 1573 1300 at.
1731 1257 1733 1260 ’

125 1320 227 1351 vum
254 1300 461 1347 eiusmodi
482 1302 653 1344 Testam
680 1301 915 1345 inhabitans
950 1303 1157 1345 mediante
1183 1302 1306 1346 dustu
1322 1334 1334 1354 ‚
1358 1319 1508 1352 omnes

123 1363 328 1406 thalamos
342 1356 620 1399 transeuntem
639 1356 863 1411 siphonem,
882 1359 1079 1415 replente,
1095 1358 1191 1400 huic
1206 1360 1271 1401 vel
1291 1361 1353 1401 illi
1373 1362 1509 1405 Testae

124 1415 297 1462 cavitati
323 1423 400 1468 pro
427 1411 559 1452 lubitu
580 1413 620 1452 &
636 1412 868 1459 occasione,
897 1413 963 1454 vel
990 1425 1142 1468 aqvam
1160 1441 1171 1462 ,
1193 1421 1412 1469 aeremqve
1433 1419 1511 1459 im·

123 1475 311 1515 mittere,
330 1467 395 1510 vel
414 1467 509 1508 vice
526 1467 638 1508 versa
655 1465 875 1508 exhaurire
893 1465 1014 1523 poffe,
1040 1466 1147 1510 unde
1167 1469 1350 1524 seqvitur
1367 1474 1511 1526 gravi-

125 1538 255 1571 tatem
283 1522 417 1565 Testae
442 1519 671 1575 specificam
694 1522 740 1562 in
764 1534 868 1577 aqua
889 1535 970 1578 pro
1004 1524 1241 1565 necessitate
1271 1522 1416 1567 debere
1439 1540 1511 1569 au-

123 1583 229 1638 geri,
245 1579 321 1622 vel‘
335 1578 537 1625 minui,ut
549 1576 704 1618 animal
719 1575 819 1618 adeo
837 1584 975 1619 motus
990 1577 1080 1619 suos
1095 1577 1302 1621 naturales
1319 1582 1359 1622 &
1372 1594 1393 1622 a
1406 1583 1507 1623 DEo

122 1637 195 1694 ipsi
220 1634 443 1688 asfignatos
469 1643 661 1674 exercere
684 1631 821 1684 posfit.
902 1633 1048 1675 Prouti
1073 1633 1117 1674 in
1144 1634 1318 1676 Nautilo
1341 1638 1508 1690 egregie

122 1692 340 1747 suspicatus
353 1686 410 1729 est
429 1686 800 1742 perspicacissimus
819 1687 1014 1730 Hookius
1032 1686 1059 1739 ζ
1065 1688 1122 1743 g)
1133 1715 1145 1737 ,
1169 1690 1238 1743 qui
1257 1688 1349 1730 sane
1365 1689 1415 1732 de
1432 1693 1509 1734 hac

123 1746 297 1791 materia
314 1744 476 1798 optimo
496 1743 584 1782 iure
600 1752 785 1783 meretur
809 1743 962 1784 evolvi.
1020 1742 1096 1784 Sed
1112 1742 1222 1798 quod
1243 1742 1379 1785 fateor
1393 1758 1510 1801 aper-

124 1812 238 1845 turas
264 1797 488 1855 fiphunculi
513 1798 559 1836 in
585 1793 779 1838 thalamis
803 1795 989 1845 hiantes,
1016 1810 1108 1853 quae
1133 1810 1285 1853 aquam
1314 1801 1510 1843 aeremve

124 1858 437 1902 transmittant,
461 1851 592 1893 oculis
610 1852 738 1892 etiam
761 1854 936 1894 armatis
957 1851 1148 1908 detegere
1175 1854 1353 1895 necdum
1382 1856 1507 1897 valui.

120 1909 243 1959 Unde
272 1920 475 1966 perquam
505 1907 688 1949 minutos
714 1904 789 1948 effe
824 1917 1019 2004 (ἐμοι-τετε
1036 1935 1049 1957 ,
1078 1906 1507 2005 concludendumpest.

892 1975 912 2003 2
1434 1977 1509 2004 rae-

124 2043 1514 2065 -ῌ--ῇ--ῇ-ῲ-ι-

176 2090 248 2142 (g)
275 2087 501 2137 Philofhphical
511 2083 726 2134 Experimems
740 2082 804 2121 and
822 2084 1043 2132 observatiam
1061 2094 1098 2135 p.
1118 2090 1203 2133 306.
1217 2083 1258 2134 δι,
1267 2081 1363 2134 seqq.
