1864 2703
167 378 382 418 DeMetbodo

172 433 342 482 Testaceo-

169 502 262 525 rum.

388 215 410 277 ¹&

756 198 1129 258 DISSERTATIO
1174 197 1416 239 PHYSICA

1098 292 1134 346 ᾗ.
1177 305 1211 332 2.

557 362 665 403 Utut
690 363 801 402 enim
829 359 1021 401 nonnulli
1047 359 1277 401 Clarissimi
1303 359 1394 400 Viri
1414 354 1504 410 jam
1534 368 1628 400 ante
1651 360 1785 414 plures

396 428 528 459 annos
553 418 596 457 &
618 413 786 470 quidam
811 415 1049 468 nuperrime
1075 413 1206 455 adhuc
1233 411 1310 454 hoc
1329 413 1470 453 saxum
1495 426 1579 455 non
1599 415 1681 455 fine
1700 413 1785 455 fru-

397 471 465 514 &u
485 483 676 517 movere,
693 467 860 510 firmam
882 469 1011 509 nihilo
1034 469 1178 515 secius,
1199 467 1307 522 quod
1332 481 1428 509 cum
1455 482 1552 524 pace
1569 478 1785 511 tantorum

396 529 599 569 Virorum
617 523 770 566 dicium
784 525 1110 570 velim,Naturae
1127 525 1444 564 convenientem
1464 526 1503 565 ὃ(
1521 522 1688 566 facilem
1698 526 1786 565 Me-

400 579 576 626 thodum
600 581 709 620 inter
732 578 956 620 defiderata
978 577 1172 619 haetenus
1195 577 1414 619 locandam
1435 589 1590 633 reputo.
1648 580 1785 629 Quare

397 636 612 692 postquam
637 633 743 675 hanc
768 634 1010 680 materiam,
1030 646 1120 687 quae
1143 633 1180 673 se
1204 631 1433 675 neceffitate
1458 635 1498 673 δε
1519 633 1696 674 utilitate
1719 634 1784 674 sua

399 704 486 732 non
504 691 651 735 minus,
668 700 792 743 quam
808 687 1008 728 indicibili
1027 685 1293 735 iucunditate,
1310 687 1365 729 ob
1383 687 1616 729 mirabilem
1638 690 1680 728 in
1703 690 1786 742 pri-

402 748 482 786 mis
499 744 720 786 Testarum
738 741 962 791 fabricam,
986 744 1255 797 colorumqve
1284 746 1529 785 varietatem
1557 745 1596 783 ὃς
1623 743 1786 797 elegan-

400 802 517 847 tiam,
535 798 682 854 quibus
697 798 941 839 Creatorem
967 796 1135 838 laudant
1160 799 1199 837 δι
1224 799 1365 839 oculos
1390 810 1472 838 non
1498 800 1635 838 minus
1659 811 1785 850 quam

400 858 589 896 animum
613 852 810 894 fascinant
830 853 909 906 (a),
926 851 1206 899 commendat,
1221 852 1358 905 saepius
1381 855 1420 894 3<
1441 852 1509 893 diu
1530 865 1695 894 mecum
1713 866 1786 893 vo-

400 911 554 956 lutavi,
580 907 806 959 Testasqve
830 910 981 948 iterum
1012 909 1244 961 iterumqve
1268 907 1421 959 inspexi
1456 910 1494 948 ὅ(
1524 909 1787 951 examinavi3

401 965 639 1017 sequentem
651 961 873 1004 Testarum
884 961 1225 1004 Distributionem
1238 962 1520 1004 methodicam
1534 963 1786 1016 generalem,

402 1021 447 1060 ni
464 1017 600 1065 fallor,
618 1026 776 1059 naturae
791 1015 1218 1058 convenientiffimam
1242 1018 1282 1058 &
1296 1021 1430 1071 captui
1449 1013 1787 1069 nostrojudicavi

402 1073 662 1115 facillimam.
740 1073 918 1113 Nemini
941 1083 1081 1113 tamen
1105 1070 1211 1112 hanc
1236 1070 1503 1118 obtrudendi,
1528 1070 1591 1112 sed
1621 1080 1786 1113 tantum

404 1130 542 1183 potius
560 1126 789 1170 Dostorum
809 1128 849 1167 δι
866 1126 1189 1179 intelligentium
1210 1126 1385 1169 candido
1403 1129 1442 1167 ὃς
1460 1127 1612 1168 sincero
1628 1129 1788 1168 exami-

406 1184 508 1225 ni&
524 1183 671 1226 amicae
691 1180 955 1235 disquisitioni
979 1178 1212 1233 subjiciendi
1237 1184 1400 1223 animus
1424 1182 1506 1225 est;
1534 1194 1623 1236 quae
1645 1182 1672 1223 fi
1695 1195 1787 1237 pro-

406 1237 500 1279 bata
524 1235 669 1284 fuerit,
686 1234 885 1290 gaudebo,
901 1239 939 1277 ἃ
955 1244 1000 1276 ut
1020 1236 1188 1277 ulterius
1205 1236 1452 1285 elaboretur,
1472 1235 1577 1277 dabo
1595 1249 1788 1291 operam3

404 1293 465 1335 fin
491 1293 630 1332 minus
660 1293 700 1331 ὃς
733 1290 881 1332 melior
912 1288 1130 1332 Methodus
1167 1291 1216 1332 ab
1245 1292 1336 1332 aliis
1361 1291 1442 1332 fine
1472 1291 1550 1332 bile
1584 1304 1786 1345 propona-

406 1357 498 1394 tur,
523 1359 628 1392 eam,
659 1358 753 1386 mea
781 1344 1016 1400 repudiata,
1039 1344 1238 1387 ambabus
1270 1345 1462 1400 ampleffi
1483 1344 1673 1387 manibus
1695 1358 1788 1401 pro-

407 1403 544 1442 mitto.
603 1403 704 1442 Non
722 1402 834 1442 enim
854 1402 889 1442 is
908 1401 1016 1448 sum,
1042 1402 1114 1454 qui
1135 1402 1346 1454 opinionis
1363 1401 1437 1441 suae
1455 1400 1556 1442 adeo
1575 1410 1713 1448 tenax,
1737 1413 1789 1441 ex

405 1455 486 1498 hoc
511 1455 714 1496 mustaceo
741 1454 845 1496 mihi
893 1467 1047 1496 uaerere
1073 1455 1196 1496 velim
1218 1456 1462 1503 laureolam,
1487 1454 1548 1496 sed
1573 1457 1639 1496 cui
1668 1457 1788 1498 unice

405 1510 618 1564 indagatio
635 1511 823 1552 veritatis
845 1523 867 1551 a
910 1511 998 1551 DEi
1013 1510 1210 1564 gloriam,
1229 1522 1307 1564 pro
1327 1509 1492 1565 publico
1508 1510 1619 1553 bono
1636 1512 1676 1550 ὅ(
1695 1523 1789 1552 mea

406 1565 689 1612 de1e62catione,
709 1564 826 1606 cordi
844 1565 914 1606 est.
964 1606 965 1609 ,
1756 1595 1758 1598 v

524 1622 647 1662 Hanc
674 1632 773 1661 vero
798 1632 821 1660 a
851 1632 917 1660 me
940 1632 992 1661 ex
1014 1622 1243 1674 cogitatam
1267 1618 1535 1669 Methodum,
1564 1629 1790 1676 antequam

406 1674 681 1719 Eruditorum
698 1675 829 1716 oculis
848 1687 1050 1729 exponam
1064 1702 1074 1722 ,
1101 1687 1251 1728 paucas
1270 1675 1466 1730 quasdam
1491 1677 1701 1730 generales
1717 1690 1790 1718 no-

407 1733 542 1771 tiones
557 1730 597 1769 &
616 1727 879 1770 definitiones
900 1730 1097 1772 Testacea
1114 1728 1351 1783 speaantes,
1370 1743 1419 1770 ne
1441 1730 1682 1772 Methodum
1698 1744 1790 1785 pro-

407 1785 600 1839 positum,
615 1781 777 1832 οἰμεθοὸὦς
793 1783 1030 1839 procedere,
1044 1783 1148 1826 mihi
1165 1784 1402 1839 exprobrari
1422 1786 1555 1839 possit,
1564 1789 1791 1840 praemitte-

407 1853 452 1882 re
471 1836 739 1882 necessarium·
754 1836 874 1882 duco,

1693 1937 1728 1991 ς.
1759 1950 1790 1988 3.

463 2042 528 2089 (ει)
580 2040 675 2078 Hinc
689 2038 867 2087 Philippus
885 2039 1042 2074 Bonanni
1063 2037 1171 2074 Libro
1189 2037 1249 2074 suo
1266 2037 1309 2073 de
1320 2037 1531 2085 Conchyliis
1550 2038 1697 2076 titulum
1707 2037 1793 2077 fecit

626 2091 818 2125 Ricreatione
834 2087 1014 2135 dell’ochiq
1029 2090 1065 2123 65
1084 2088 1162 2123 della
1178 2093 1295 2124 Mente.
